@article{newman2004perceptions,
  title={Perceptions of the design process: An examination of gendered aspects of new product development},
  author={Newman, Catherine C and Agogino, Alice M and Bauer, Marisa and Mankoff, Jennifer},
  year={2004}
}
@inproceedings{DBLP:conf/chi/XuYDM19,
  author    = {Xuhai Xu and
               Chun Yu and
               Anind K. Dey and
               Jennifer Mankoff},
  title     = {Clench Interface: Novel Biting Input Techniques},
  booktitle = {Proceedings of the 2019 {CHI} Conference on Human Factors in Computing
               Systems, {CHI} 2019, Glasgow, Scotland, UK, May 04-09, 2019},
  pages     = {275},
  year      = {2019},
  crossref  = {DBLP:conf/chi/2019},
  url       = {https://doi.org/10.1145/3290605.3300505},
  doi       = {10.1145/3290605.3300505},
  timestamp = {Wed, 01 May 2019 17:20:00 +0200},
  biburl    = {https://dblp.org/rec/bib/conf/chi/XuYDM19},
  bibsource = {dblp computer science bibliography, https://dblp.org}
}

@inproceedings{DBLP:conf/chi/HofmannWKVHHMC19,
  author    = {Megan Hofmann and
               Kristin Williams and
               Toni Kaplan and
               Stephanie Valencia and
               Gabriella Hann and
               Scott E. Hudson and
               Jennifer Mankoff and
               Patrick Carrington},
  title     = {"Occupational Therapy is Making": Clinical Rapid Prototyping and Digital
               Fabrication},
  booktitle = {Proceedings of the 2019 {CHI} Conference on Human Factors in Computing
               Systems, {CHI} 2019, Glasgow, Scotland, UK, May 04-09, 2019},
  pages     = {314},
  year      = {2019},
  crossref  = {DBLP:conf/chi/2019},
  url       = {https://doi.org/10.1145/3290605.3300544},
  doi       = {10.1145/3290605.3300544},
  timestamp = {Wed, 01 May 2019 17:20:00 +0200},
  biburl    = {https://dblp.org/rec/bib/conf/chi/HofmannWKVHHMC19},
  bibsource = {dblp computer science bibliography, https://dblp.org}
}

@inproceedings{DBLP:conf/chi/OLearyZMR19,
  author    = {Jasper Tran O'Leary and
               Sara Zewde and
               Jennifer Mankoff and
               Daniela K. Rosner},
  title     = {Who Gets to Future?: Race, Representation, and Design Methods in Africatown},
  booktitle = {Proceedings of the 2019 {CHI} Conference on Human Factors in Computing
               Systems, {CHI} 2019, Glasgow, Scotland, UK, May 04-09, 2019},
  pages     = {561},
  year      = {2019},
  crossref  = {DBLP:conf/chi/2019},
  url       = {https://doi.org/10.1145/3290605.3300791},
  doi       = {10.1145/3290605.3300791},
  timestamp = {Wed, 01 May 2019 17:20:00 +0200},
  biburl    = {https://dblp.org/rec/bib/conf/chi/OLearyZMR19},
  bibsource = {dblp computer science bibliography, https://dblp.org}
}

@article{DBLP:journals/imwut/KhuranaAYMHG18,
  author    = {Rushil Khurana and
               Karan Ahuja and
               Zac Yu and
               Jennifer Mankoff and
               Chris Harrison and
               Mayank Goel},
  title     = {GymCam: Detecting, Recognizing and Tracking Simultaneous Exercises
               in Unconstrained Scenes},
  journal   = {{IMWUT}},
  volume    = {2},
  number    = {4},
  pages     = {185:1--185:17},
  year      = {2018},
  url       = {https://doi.org/10.1145/3287063},
  doi       = {10.1145/3287063},
  timestamp = {Fri, 10 May 2019 01:00:00 +0200},
  biburl    = {https://dblp.org/rec/bib/journals/imwut/KhuranaAYMHG18},
  bibsource = {dblp computer science bibliography, https://dblp.org}
}

@article{DBLP:journals/jaihc/NiCMYD18,
  author    = {Hongbo Ni and
               Sunyoung Cho and
               Jennifer Mankoff and
               Jun Yang and
               Anind K. Dey},
  title     = {Automated recognition of hypertension through overnight continuous
               {HRV} monitoring},
  journal   = {J. Ambient Intelligence and Humanized Computing},
  volume    = {9},
  number    = {6},
  pages     = {2011--2023},
  year      = {2018},
  url       = {https://doi.org/10.1007/s12652-017-0471-y},
  doi       = {10.1007/s12652-017-0471-y},
  timestamp = {Mon, 15 Oct 2018 01:00:00 +0200},
  biburl    = {https://dblp.org/rec/bib/journals/jaihc/NiCMYD18},
  bibsource = {dblp computer science bibliography, https://dblp.org}
}

@article{DBLP:journals/pacmhci/EarlyHHRWM18,
  author    = {Kirstin Early and
               Jessica Hammer and
               Megan Kelly Hofmann and
               Jennifer A. Rode and
               Anna Wong and
               Jennifer Mankoff},
  title     = {Understanding Gender Equity in Author Order Assignment},
  journal   = {{PACMHCI}},
  volume    = {2},
  number    = {{CSCW}},
  pages     = {46:1--46:21},
  year      = {2018},
  url       = {https://doi.org/10.1145/3274315},
  doi       = {10.1145/3274315},
  timestamp = {Tue, 29 Jan 2019 00:00:00 +0100},
  biburl    = {https://dblp.org/rec/bib/journals/pacmhci/EarlyHHRWM18},
  bibsource = {dblp computer science bibliography, https://dblp.org}
}

@inproceedings{DBLP:conf/assets/ZhangTSCJFM18,
  author    = {Xiaoyi Zhang and
               Tracy Tran and
               Yuqian Sun and
               Ian Culhane and
               Shobhit Jain and
               James Fogarty and
               Jennifer Mankoff},
  title     = {Interactiles: 3D Printed Tactile Interfaces to Enhance Mobile Touchscreen
               Accessibility},
  booktitle = {Proceedings of the 20th International {ACM} {SIGACCESS} Conference
               on Computers and Accessibility, {ASSETS} 2018, Galway, Ireland, October
               22-24, 2018},
  pages     = {131--142},
  year      = {2018},
  crossref  = {DBLP:conf/assets/2018},
  url       = {https://doi.org/10.1145/3234695.3236349},
  doi       = {10.1145/3234695.3236349},
  timestamp = {Wed, 21 Nov 2018 00:00:00 +0100},
  biburl    = {https://dblp.org/rec/bib/conf/assets/ZhangTSCJFM18},
  bibsource = {dblp computer science bibliography, https://dblp.org}
}

@inproceedings{DBLP:conf/chi/0001BMF18,
  author    = {Christian Remy and
               Oliver Bates and
               Jennifer Mankoff and
               Adrian Friday},
  title     = {Evaluating {HCI} Research beyond Usability},
  booktitle = {Extended Abstracts of the 2018 {CHI} Conference on Human Factors in
               Computing Systems, {CHI} 2018, Montreal, QC, Canada, April 21-26,
               2018},
  year      = {2018},
  crossref  = {DBLP:conf/chi/2018a},
  url       = {https://doi.org/10.1145/3170427.3185371},
  doi       = {10.1145/3170427.3185371},
  timestamp = {Wed, 21 Nov 2018 12:44:22 +0100},
  biburl    = {https://dblp.org/rec/bib/conf/chi/0001BMF18},
  bibsource = {dblp computer science bibliography, https://dblp.org}
}

@inproceedings{DBLP:conf/chi/KhuranaMLM18,
  author    = {Rushil Khurana and
               Duncan McIsaac and
               Elliot Lockerman and
               Jennifer Mankoff},
  title     = {Nonvisual Interaction Techniques at the Keyboard Surface},
  booktitle = {Proceedings of the 2018 {CHI} Conference on Human Factors in Computing
               Systems, {CHI} 2018, Montreal, QC, Canada, April 21-26, 2018},
  pages     = {11},
  year      = {2018},
  crossref  = {DBLP:conf/chi/2018},
  url       = {https://doi.org/10.1145/3173574.3173585},
  doi       = {10.1145/3173574.3173585},
  timestamp = {Wed, 21 Nov 2018 12:44:22 +0100},
  biburl    = {https://dblp.org/rec/bib/conf/chi/KhuranaMLM18},
  bibsource = {dblp computer science bibliography, https://dblp.org}
}

@inproceedings{DBLP:conf/chi/HofmannHHM18,
  author    = {Megan Hofmann and
               Gabriella Hann and
               Scott E. Hudson and
               Jennifer Mankoff},
  title     = {Greater than the Sum of its PARTs: Expressing and Reusing Design Intent
               in 3D Models},
  booktitle = {Proceedings of the 2018 {CHI} Conference on Human Factors in Computing
               Systems, {CHI} 2018, Montreal, QC, Canada, April 21-26, 2018},
  pages     = {301},
  year      = {2018},
  crossref  = {DBLP:conf/chi/2018},
  url       = {https://doi.org/10.1145/3173574.3173875},
  doi       = {10.1145/3173574.3173875},
  timestamp = {Wed, 21 Nov 2018 12:44:22 +0100},
  biburl    = {https://dblp.org/rec/bib/conf/chi/HofmannHHM18},
  bibsource = {dblp computer science bibliography, https://dblp.org}
}

@inproceedings{DBLP:conf/dev/MankoffOEVK18,
  author    = {Jennifer Mankoff and
               Dimeji Onafuwa and
               Kirstin Early and
               Nidhi Vyas and
               Vikram Kamath},
  title     = {Understanding the Needs of Prospective Tenants},
  booktitle = {Proceedings of the 1st {ACM} {SIGCAS} Conference on Computing and
               Sustainable Societies, {COMPASS} 2018, Menlo Park and San Jose, CA,
               USA, June 20-22, 2018},
  pages     = {36:1--36:10},
  year      = {2018},
  crossref  = {DBLP:conf/dev/2018},
  url       = {https://doi.org/10.1145/3209811.3212708},
  doi       = {10.1145/3209811.3212708},
  timestamp = {Wed, 21 Nov 2018 12:44:24 +0100},
  biburl    = {https://dblp.org/rec/bib/conf/dev/MankoffOEVK18},
  bibsource = {dblp computer science bibliography, https://dblp.org}
}

@inproceedings{DBLP:conf/eics/Mankoff18,
  author    = {Jennifer Mankoff},
  title     = {Consumer-Grade Fabrication and Its Potential to Revolutionize Accessibility},
  booktitle = {Proceedings of the {ACM} {SIGCHI} Symposium on Engineering Interactive
               Computing Systems, {EICS} 2018, Paris, France, June 19-22, 2018},
  pages     = {1:1--1:2},
  year      = {2018},
  crossref  = {DBLP:conf/eics/2018},
  url       = {https://doi.org/10.1145/3220134.3223043},
  doi       = {10.1145/3220134.3223043},
  timestamp = {Wed, 21 Nov 2018 12:44:12 +0100},
  biburl    = {https://dblp.org/rec/bib/conf/eics/Mankoff18},
  bibsource = {dblp computer science bibliography, https://dblp.org}
}

@inproceedings{DBLP:conf/uist/IyerCCMG18,
  author    = {Vikram Iyer and
               Justin Chan and
               Ian Culhane and
               Jennifer Mankoff and
               Shyamnath Gollakota},
  title     = {Wireless Analytics for 3D Printed Objects},
  booktitle = {The 31st Annual {ACM} Symposium on User Interface Software and Technology,
               {UIST} 2018, Berlin, Germany, October 14-17, 2018},
  pages     = {141--152},
  year      = {2018},
  crossref  = {DBLP:conf/uist/2018},
  url       = {https://doi.org/10.1145/3242587.3242639},
  doi       = {10.1145/3242587.3242639},
  timestamp = {Wed, 21 Nov 2018 00:00:00 +0100},
  biburl    = {https://dblp.org/rec/bib/conf/uist/IyerCCMG18},
  bibsource = {dblp computer science bibliography, https://dblp.org}
}

@article{DBLP:journals/cacm/LazarCGVPMM17,
  author    = {Jonathan Lazar and
               Elizabeth F. Churchill and
               Tovi Grossman and
               Gerrit C. van der Veer and
               Philippe A. Palanque and
               John Morris and
               Jennifer Mankoff},
  title     = {Making the field of computing more inclusive},
  journal   = {Commun. {ACM}},
  volume    = {60},
  number    = {3},
  pages     = {50--59},
  year      = {2017},
  url       = {https://doi.org/10.1145/2993420},
  doi       = {10.1145/2993420},
  timestamp = {Tue, 06 Nov 2018 00:00:00 +0100},
  biburl    = {https://dblp.org/rec/bib/journals/cacm/LazarCGVPMM17},
  bibsource = {dblp computer science bibliography, https://dblp.org}
}

@article{DBLP:journals/sigaccess/MankoffT17,
  author    = {Jennifer Mankoff and
               Shari Trewin},
  title     = {{SIGCHI} and {SIGACCESS} working together to improve accessibility},
  journal   = {{ACM} {SIGACCESS}},
  volume    = {118},
  pages     = {16--17},
  year      = {2017},
  url       = {https://doi.org/10.1145/3124144.3124147},
  doi       = {10.1145/3124144.3124147},
  timestamp = {Tue, 06 Nov 2018 00:00:00 +0100},
  biburl    = {https://dblp.org/rec/bib/journals/sigaccess/MankoffT17},
  bibsource = {dblp computer science bibliography, https://dblp.org}
}

@article{DBLP:journals/taccess/BaldwinHHMH17,
  author    = {Mark S. Baldwin and
               Gillian R. Hayes and
               Oliver L. Haimson and
               Jennifer Mankoff and
               Scott E. Hudson},
  title     = {The Tangible Desktop: {A} Multimodal Approach to Nonvisual Computing},
  journal   = {{TACCESS}},
  volume    = {10},
  number    = {3},
  pages     = {9:1--9:28},
  year      = {2017},
  url       = {https://doi.org/10.1145/3075222},
  doi       = {10.1145/3075222},
  timestamp = {Tue, 06 Nov 2018 00:00:00 +0100},
  biburl    = {https://dblp.org/rec/bib/journals/taccess/BaldwinHHMH17},
  bibsource = {dblp computer science bibliography, https://dblp.org}
}

@inproceedings{DBLP:conf/ACMdis/KimGYHM17,
  author    = {Jeeeun Kim and
               Anhong Guo and
               Tom Yeh and
               Scott E. Hudson and
               Jennifer Mankoff},
  title     = {Understanding Uncertainty in Measurement and Accommodating its Impact
               in 3D Modeling and Printing},
  booktitle = {Proceedings of the 2017 Conference on Designing Interactive Systems,
               {DIS} '17, Edinburgh, United Kingdom, June 10-14, 2017},
  pages     = {1067--1078},
  year      = {2017},
  crossref  = {DBLP:conf/ACMdis/2017},
  url       = {https://doi.org/10.1145/3064663.3064690},
  doi       = {10.1145/3064663.3064690},
  timestamp = {Tue, 06 Nov 2018 16:58:03 +0100},
  biburl    = {https://dblp.org/rec/bib/conf/ACMdis/KimGYHM17},
  bibsource = {dblp computer science bibliography, https://dblp.org}
}

@inproceedings{DBLP:conf/chi/RiveraMAMH17,
  author    = {Michael L. Rivera and
               Melissa Moukperian and
               Daniel Ashbrook and
               Jennifer Mankoff and
               Scott E. Hudson},
  title     = {Stretching the Bounds of 3D Printing with Embedded Textiles},
  booktitle = {Proceedings of the 2017 {CHI} Conference on Human Factors in Computing
               Systems, Denver, CO, USA, May 06-11, 2017.},
  pages     = {497--508},
  year      = {2017},
  crossref  = {DBLP:conf/chi/2017},
  url       = {https://doi.org/10.1145/3025453.3025460},
  doi       = {10.1145/3025453.3025460},
  timestamp = {Tue, 06 Nov 2018 16:58:42 +0100},
  biburl    = {https://dblp.org/rec/bib/conf/chi/RiveraMAMH17},
  bibsource = {dblp computer science bibliography, https://dblp.org}
}

@inproceedings{DBLP:conf/chi/BanovicRSDM17,
  author    = {Nikola Banovic and
               Varun Rao and
               Abinaya Saravanan and
               Anind K. Dey and
               Jennifer Mankoff},
  title     = {Quantifying Aversion to Costly Typing Errors in Expert Mobile Text
               Entry},
  booktitle = {Proceedings of the 2017 {CHI} Conference on Human Factors in Computing
               Systems, Denver, CO, USA, May 06-11, 2017.},
  pages     = {4229--4241},
  year      = {2017},
  crossref  = {DBLP:conf/chi/2017},
  url       = {https://doi.org/10.1145/3025453.3025695},
  doi       = {10.1145/3025453.3025695},
  timestamp = {Tue, 06 Nov 2018 16:58:42 +0100},
  biburl    = {https://dblp.org/rec/bib/conf/chi/BanovicRSDM17},
  bibsource = {dblp computer science bibliography, https://dblp.org}
}

@inproceedings{DBLP:conf/chi/GuoKCYHMB17,
  author    = {Anhong Guo and
               Jeeeun Kim and
               Xiang 'Anthony' Chen and
               Tom Yeh and
               Scott E. Hudson and
               Jennifer Mankoff and
               Jeffrey P. Bigham},
  title     = {Facade: Auto-generating Tactile Interfaces to Appliances},
  booktitle = {Proceedings of the 2017 {CHI} Conference on Human Factors in Computing
               Systems, Denver, CO, USA, May 06-11, 2017.},
  pages     = {5826--5838},
  year      = {2017},
  crossref  = {DBLP:conf/chi/2017},
  url       = {https://doi.org/10.1145/3025453.3025845},
  doi       = {10.1145/3025453.3025845},
  timestamp = {Tue, 06 Nov 2018 16:58:42 +0100},
  biburl    = {https://dblp.org/rec/bib/conf/chi/GuoKCYHMB17},
  bibsource = {dblp computer science bibliography, https://dblp.org}
}

@inproceedings{DBLP:conf/chi/Parry-HillSMA17,
  author    = {Jeremiah Parry{-}Hill and
               Patrick C. Shih and
               Jennifer Mankoff and
               Daniel Ashbrook},
  title     = {Understanding Volunteer {AT} Fabricators: Opportunities and Challenges
               in {DIY-AT} for Others in e-NABLE},
  booktitle = {Proceedings of the 2017 {CHI} Conference on Human Factors in Computing
               Systems, Denver, CO, USA, May 06-11, 2017.},
  pages     = {6184--6194},
  year      = {2017},
  crossref  = {DBLP:conf/chi/2017},
  url       = {https://doi.org/10.1145/3025453.3026045},
  doi       = {10.1145/3025453.3026045},
  timestamp = {Tue, 06 Nov 2018 16:58:42 +0100},
  biburl    = {https://dblp.org/rec/bib/conf/chi/Parry-HillSMA17},
  bibsource = {dblp computer science bibliography, https://dblp.org}
}

@inproceedings{DBLP:conf/chi/BanovicWJCRDM17,
  author    = {Nikola Banovic and
               Anqi Wang and
               Yanfeng Jin and
               Christie Chang and
               Julian Ramos and
               Anind K. Dey and
               Jennifer Mankoff},
  title     = {Leveraging Human Routine Models to Detect and Generate Human Behaviors},
  booktitle = {Proceedings of the 2017 {CHI} Conference on Human Factors in Computing
               Systems, Denver, CO, USA, May 06-11, 2017.},
  pages     = {6683--6694},
  year      = {2017},
  crossref  = {DBLP:conf/chi/2017},
  url       = {https://doi.org/10.1145/3025453.3025571},
  doi       = {10.1145/3025453.3025571},
  timestamp = {Tue, 06 Nov 2018 16:58:42 +0100},
  biburl    = {https://dblp.org/rec/bib/conf/chi/BanovicWJCRDM17},
  bibsource = {dblp computer science bibliography, https://dblp.org}
}

@proceedings{DBLP:conf/uist/2017,
  editor    = {Krzysztof Gajos and
               Jennifer Mankoff and
               Chris Harrison},
  title     = {Proceedings of the 30th Annual {ACM} Symposium on User Interface Software
               and Technology, {UIST} 2017, Quebec City, QC, Canada, October 22 -
               25, 2017},
  publisher = {{ACM}},
  year      = {2017},
  url       = {http://dl.acm.org/citation.cfm?id=3126594},
  isbn      = {978-1-4503-4981-9},
  timestamp = {Thu, 26 Oct 2017 01:00:00 +0200},
  biburl    = {https://dblp.org/rec/bib/conf/uist/2017},
  bibsource = {dblp computer science bibliography, https://dblp.org}
}

@proceedings{DBLP:conf/uist/2017a,
  editor    = {Krzysztof Gajos and
               Jennifer Mankoff and
               Chris Harrison},
  title     = {Adjunct Publication of the 30th Annual {ACM} Symposium on User Interface
               Software and Technology, {UIST} 2017 Adjunct Volume, Quebec City,
               QC, Canada, October 22 - 25, 2017},
  publisher = {{ACM}},
  year      = {2017},
  url       = {https://doi.org/10.1145/3131785},
  doi       = {10.1145/3131785},
  isbn      = {978-1-4503-5419-6},
  timestamp = {Tue, 06 Nov 2018 00:00:00 +0100},
  biburl    = {https://dblp.org/rec/bib/conf/uist/2017a},
  bibsource = {dblp computer science bibliography, https://dblp.org}
}

@article{DBLP:journals/corr/GluckKMDA17,
  author    = {Joshua Gluck and
               Christian Koehler and
               Jennifer Mankoff and
               Anind K. Dey and
               Yuvraj Agarwal},
  title     = {A Systematic Approach for Exploring Tradeoffs in Predictive {HVAC}
               Control Systems for Buildings},
  journal   = {CoRR},
  volume    = {abs/1705.02058},
  year      = {2017},
  url       = {http://arxiv.org/abs/1705.02058},
  archivePrefix = {arXiv},
  eprint    = {1705.02058},
  timestamp = {Sat, 15 Sep 2018 01:00:00 +0200},
  biburl    = {https://dblp.org/rec/bib/journals/corr/GluckKMDA17},
  bibsource = {dblp computer science bibliography, https://dblp.org}
}

@article{DBLP:journals/crossroads/SpielbergSHMM16,
  author    = {Andrew Spielberg and
               Alanson P. Sample and
               Scott E. Hudson and
               Jennifer Mankoff and
               James McCann},
  title     = {Building a toolkit for fabricating interactive objects},
  journal   = {{ACM} Crossroads},
  volume    = {22},
  number    = {3},
  pages     = {38--43},
  year      = {2016},
  url       = {https://doi.org/10.1145/2889427},
  doi       = {10.1145/2889427},
  timestamp = {Tue, 06 Nov 2018 00:00:00 +0100},
  biburl    = {https://dblp.org/rec/bib/journals/crossroads/SpielbergSHMM16},
  bibsource = {dblp computer science bibliography, https://dblp.org}
}

@article{DBLP:journals/crossroads/PengHMM16,
  author    = {Huaishu Peng and
               Scott E. Hudson and
               Jennifer Mankoff and
               James McCann},
  title     = {Soft printing with fabric},
  journal   = {{ACM} Crossroads},
  volume    = {22},
  number    = {3},
  pages     = {50--53},
  year      = {2016},
  url       = {https://doi.org/10.1145/2893499},
  doi       = {10.1145/2893499},
  timestamp = {Tue, 06 Nov 2018 00:00:00 +0100},
  biburl    = {https://dblp.org/rec/bib/journals/crossroads/PengHMM16},
  bibsource = {dblp computer science bibliography, https://dblp.org}
}

@article{DBLP:journals/interactions/Mankoff16,
  author    = {Jennifer Mankoff},
  title     = {The wicked problem of making {SIGCHI} accessible},
  journal   = {Interactions},
  volume    = {23},
  number    = {3},
  pages     = {6--7},
  year      = {2016},
  url       = {https://doi.org/10.1145/2903528},
  doi       = {10.1145/2903528},
  timestamp = {Tue, 06 Nov 2018 00:00:00 +0100},
  biburl    = {https://dblp.org/rec/bib/journals/interactions/Mankoff16},
  bibsource = {dblp computer science bibliography, https://dblp.org}
}

@article{DBLP:journals/interactions/KaoJRCPPCVVHSGL16,
  author    = {Hsin{-}Liu Cindy Kao and
               Paul Johns and
               Asta Roseway and
               Mary Czerwinski and
               Lahiru Lakmal Priyadarshana and
               Victoria Porter and
               Juan Pablo Carrascal and
               Aaron Visser and
               Roel Vertegaal and
               Sarah Homewood and
               Gillian Smith and
               April Grow and
               Chenxi Liu and
               Lea Albaugh and
               Jennifer Mankoff and
               Jim McCann},
  title     = {Demo hour},
  journal   = {Interactions},
  volume    = {23},
  number    = {4},
  pages     = {10--13},
  year      = {2016},
  url       = {https://doi.org/10.1145/2931083},
  doi       = {10.1145/2931083},
  timestamp = {Tue, 06 Nov 2018 00:00:00 +0100},
  biburl    = {https://dblp.org/rec/bib/journals/interactions/KaoJRCPPCVVHSGL16},
  bibsource = {dblp computer science bibliography, https://dblp.org}
}

@article{DBLP:journals/tog/McCannAGMM16,
  author    = {James McCann and
               Lea Albaugh and
               Vidya Narayanan and
               April Grow and
               Wojciech Matusik and
               Jennifer Mankoff and
               Jessica K. Hodgins},
  title     = {A compiler for 3D machine knitting},
  journal   = {{ACM} Trans. Graph.},
  volume    = {35},
  number    = {4},
  pages     = {49:1--49:11},
  year      = {2016},
  url       = {https://doi.org/10.1145/2897824.2925940},
  doi       = {10.1145/2897824.2925940},
  timestamp = {Tue, 06 Nov 2018 00:00:00 +0100},
  biburl    = {https://dblp.org/rec/bib/journals/tog/McCannAGMM16},
  bibsource = {dblp computer science bibliography, https://dblp.org}
}

@inproceedings{DBLP:conf/aaai/EarlyFM16,
  author    = {Kirstin Early and
               Stephen E. Fienberg and
               Jennifer Mankoff},
  title     = {Cost-Effective Feature Selection and Ordering for Personalized Energy
               Estimates},
  booktitle = {{AI} for Smart Grids and Smart Buildings, Papers from the 2016 {AAAI}
               Workshop, Phoenix, Arizona, USA, February 12, 2016.},
  year      = {2016},
  crossref  = {DBLP:conf/aaai/2016grid},
  url       = {http://www.aaai.org/ocs/index.php/WS/AAAIW16/paper/view/12572},
  timestamp = {Wed, 05 Apr 2017 12:53:50 +0200},
  biburl    = {https://dblp.org/rec/bib/conf/aaai/EarlyFM16},
  bibsource = {dblp computer science bibliography, https://dblp.org}
}

@inproceedings{DBLP:conf/assets/HofmannBPFHSHM16,
  author    = {Megan Hofmann and
               Julie Burke and
               Jon Pearlman and
               Goeran Fiedler and
               Andrea Hess and
               Jon Schull and
               Scott E. Hudson and
               Jennifer Mankoff},
  title     = {Clinical and Maker Perspectives on the Design of Assistive Technology
               with Rapid Prototyping Technologies},
  booktitle = {Proceedings of the 18th International {ACM} {SIGACCESS} Conference
               on Computers and Accessibility, {ASSETS} 2016, Reno, NV, USA, October
               23-26, 2016},
  pages     = {251--256},
  year      = {2016},
  crossref  = {DBLP:conf/assets/2016},
  url       = {https://doi.org/10.1145/2982142.2982181},
  doi       = {10.1145/2982142.2982181},
  timestamp = {Tue, 06 Nov 2018 16:57:27 +0100},
  biburl    = {https://dblp.org/rec/bib/conf/assets/HofmannBPFHSHM16},
  bibsource = {dblp computer science bibliography, https://dblp.org}
}

@inproceedings{DBLP:conf/assets/GuoKCYHMB16,
  author    = {Anhong Guo and
               Jeeeun Kim and
               Xiang 'Anthony' Chen and
               Tom Yeh and
               Scott E. Hudson and
               Jennifer Mankoff and
               Jeffrey P. Bigham},
  title     = {Facade: Auto-generating Tactile Interfaces to Appliances},
  booktitle = {Proceedings of the 18th International {ACM} {SIGACCESS} Conference
               on Computers and Accessibility, {ASSETS} 2016, Reno, NV, USA, October
               23-26, 2016},
  pages     = {315--316},
  year      = {2016},
  crossref  = {DBLP:conf/assets/2016},
  url       = {https://doi.org/10.1145/2982142.2982187},
  doi       = {10.1145/2982142.2982187},
  timestamp = {Tue, 06 Nov 2018 16:57:27 +0100},
  biburl    = {https://dblp.org/rec/bib/conf/assets/GuoKCYHMB16},
  bibsource = {dblp computer science bibliography, https://dblp.org}
}

@inproceedings{DBLP:conf/chi/BanovicBCMD16,
  author    = {Nikola Banovic and
               Tofi Buzali and
               Fanny Chevalier and
               Jennifer Mankoff and
               Anind K. Dey},
  title     = {Modeling and Understanding Human Routine Behavior},
  booktitle = {Proceedings of the 2016 {CHI} Conference on Human Factors in Computing
               Systems, San Jose, CA, USA, May 7-12, 2016},
  pages     = {248--260},
  year      = {2016},
  crossref  = {DBLP:conf/chi/2016},
  url       = {https://doi.org/10.1145/2858036.2858557},
  doi       = {10.1145/2858036.2858557},
  timestamp = {Tue, 06 Nov 2018 00:00:00 +0100},
  biburl    = {https://dblp.org/rec/bib/conf/chi/BanovicBCMD16},
  bibsource = {dblp computer science bibliography, https://dblp.org}
}

@inproceedings{DBLP:conf/chi/AlbaughGLMSM16,
  author    = {Lea Albaugh and
               April Grow and
               Chenxi Liu and
               James McCann and
               Gillian Smith and
               Jennifer Mankoff},
  title     = {\emph{Threadsteading}: Playful Interaction for Textile Fabrication
               Devices},
  booktitle = {Proceedings of the 2016 {CHI} Conference on Human Factors in Computing
               Systems, San Jose, CA, USA, May 7-12, 2016, Extended Abstracts},
  pages     = {285--288},
  year      = {2016},
  crossref  = {DBLP:conf/chi/2016a},
  url       = {https://doi.org/10.1145/2851581.2889466},
  doi       = {10.1145/2851581.2889466},
  timestamp = {Tue, 06 Nov 2018 00:00:00 +0100},
  biburl    = {https://dblp.org/rec/bib/conf/chi/AlbaughGLMSM16},
  bibsource = {dblp computer science bibliography, https://dblp.org}
}

@inproceedings{DBLP:conf/chi/RodeBBKLRM16,
  author    = {Jennifer Ann Rode and
               Erin Brady and
               Erin Buehler and
               Shaun K. Kane and
               Richard E. Ladner and
               Kathryn E. Ringland and
               Jennifer Mankoff},
  title     = {{SIG} on the State of Accessibility at {CHI}},
  booktitle = {Proceedings of the 2016 {CHI} Conference on Human Factors in Computing
               Systems, San Jose, CA, USA, May 7-12, 2016, Extended Abstracts},
  pages     = {1100--1103},
  year      = {2016},
  crossref  = {DBLP:conf/chi/2016a},
  url       = {https://doi.org/10.1145/2851581.2886437},
  doi       = {10.1145/2851581.2886437},
  timestamp = {Tue, 06 Nov 2018 00:00:00 +0100},
  biburl    = {https://dblp.org/rec/bib/conf/chi/RodeBBKLRM16},
  bibsource = {dblp computer science bibliography, https://dblp.org}
}

@inproceedings{DBLP:conf/chi/HofmannHHM16,
  author    = {Megan Hofmann and
               Jeffrey Harris and
               Scott E. Hudson and
               Jennifer Mankoff},
  title     = {Helping Hands: Requirements for a Prototyping Methodology for Upper-limb
               Prosthetics Users},
  booktitle = {Proceedings of the 2016 {CHI} Conference on Human Factors in Computing
               Systems, San Jose, CA, USA, May 7-12, 2016},
  pages     = {1769--1780},
  year      = {2016},
  crossref  = {DBLP:conf/chi/2016},
  url       = {https://doi.org/10.1145/2858036.2858340},
  doi       = {10.1145/2858036.2858340},
  timestamp = {Tue, 06 Nov 2018 00:00:00 +0100},
  biburl    = {https://dblp.org/rec/bib/conf/chi/HofmannHHM16},
  bibsource = {dblp computer science bibliography, https://dblp.org}
}

@inproceedings{DBLP:conf/chi/SpielbergSHMM16,
  author    = {Andrew Spielberg and
               Alanson P. Sample and
               Scott E. Hudson and
               Jennifer Mankoff and
               James McCann},
  title     = {RapID: {A} Framework for Fabricating Low-Latency Interactive Objects
               with {RFID} Tags},
  booktitle = {Proceedings of the 2016 {CHI} Conference on Human Factors in Computing
               Systems, San Jose, CA, USA, May 7-12, 2016},
  pages     = {5897--5908},
  year      = {2016},
  crossref  = {DBLP:conf/chi/2016},
  url       = {https://doi.org/10.1145/2858036.2858243},
  doi       = {10.1145/2858036.2858243},
  timestamp = {Tue, 06 Nov 2018 00:00:00 +0100},
  biburl    = {https://dblp.org/rec/bib/conf/chi/SpielbergSHMM16},
  bibsource = {dblp computer science bibliography, https://dblp.org}
}

@inproceedings{DBLP:conf/graphicsinterface/CannanureCM16,
  author    = {Vikram Cannanure and
               Xiang 'Anthony' Chen and
               Jennifer Mankoff},
  title     = {Twist 'n' Knock: {A} One-handed Gesture for Smart Watches},
  booktitle = {Proceedings of the 42nd Graphics Interface Conference, Victoria, BC,
               Canada, 1-3 June 2016},
  pages     = {189--193},
  year      = {2016},
  crossref  = {DBLP:conf/graphicsinterface/2016},
  url       = {https://doi.org/10.20380/GI2016.24},
  doi       = {10.20380/GI2016.24},
  timestamp = {Thu, 20 Apr 2017 21:40:01 +0200},
  biburl    = {https://dblp.org/rec/bib/conf/graphicsinterface/CannanureCM16},
  bibsource = {dblp computer science bibliography, https://dblp.org}
}

@inproceedings{DBLP:conf/huc/EarlyFM16,
  author    = {Kirstin Early and
               Stephen E. Fienberg and
               Jennifer Mankoff},
  title     = {Test time feature ordering with {FOCUS:} interactive predictions with
               minimal user burden},
  booktitle = {Proceedings of the 2016 {ACM} International Joint Conference on Pervasive
               and Ubiquitous Computing, UbiComp 2016, Heidelberg, Germany, September
               12-16, 2016},
  pages     = {992--1003},
  year      = {2016},
  crossref  = {DBLP:conf/huc/2016},
  url       = {https://doi.org/10.1145/2971648.2971748},
  doi       = {10.1145/2971648.2971748},
  timestamp = {Tue, 06 Nov 2018 00:00:00 +0100},
  biburl    = {https://dblp.org/rec/bib/conf/huc/EarlyFM16},
  bibsource = {dblp computer science bibliography, https://dblp.org}
}

@inproceedings{DBLP:conf/uist/ChenKMGCH16,
  author    = {Xiang 'Anthony' Chen and
               Jeeeun Kim and
               Jennifer Mankoff and
               Tovi Grossman and
               Stelian Coros and
               Scott E. Hudson},
  title     = {Reprise: {A} Design Tool for Specifying, Generating, and Customizing
               3D Printable Adaptations on Everyday Objects},
  booktitle = {Proceedings of the 29th Annual Symposium on User Interface Software
               and Technology, {UIST} 2016, Tokyo, Japan, October 16-19, 2016},
  pages     = {29--39},
  year      = {2016},
  crossref  = {DBLP:conf/uist/2016},
  url       = {https://doi.org/10.1145/2984511.2984512},
  doi       = {10.1145/2984511.2984512},
  timestamp = {Tue, 06 Nov 2018 16:58:07 +0100},
  biburl    = {https://dblp.org/rec/bib/conf/uist/ChenKMGCH16},
  bibsource = {dblp computer science bibliography, https://dblp.org}
}

@article{DBLP:journals/corr/RamosLRBMD16,
  author    = {Julian Ramos and
               Zhen Li and
               Johana Rosas and
               Nikola Banovic and
               Jennifer Mankoff and
               Anind K. Dey},
  title     = {Keyboard Surface Interaction: Making the keyboard into a pointing
               device},
  journal   = {CoRR},
  volume    = {abs/1601.04029},
  year      = {2016},
  url       = {http://arxiv.org/abs/1601.04029},
  archivePrefix = {arXiv},
  eprint    = {1601.04029},
  timestamp = {Mon, 13 Aug 2018 01:00:00 +0200},
  biburl    = {https://dblp.org/rec/bib/journals/corr/RamosLRBMD16},
  bibsource = {dblp computer science bibliography, https://dblp.org}
}

@inproceedings{DBLP:conf/chi/PengMHM15,
  author    = {Huaishu Peng and
               Jennifer Mankoff and
               Scott E. Hudson and
               James McCann},
  title     = {A Layered Fabric 3D Printer for Soft Interactive Objects},
  booktitle = {Proceedings of the 33rd Annual {ACM} Conference on Human Factors in
               Computing Systems, {CHI} 2015, Seoul, Republic of Korea, April 18-23,
               2015},
  pages     = {1789--1798},
  year      = {2015},
  crossref  = {DBLP:conf/chi/2015},
  url       = {https://doi.org/10.1145/2702123.2702327},
  doi       = {10.1145/2702123.2702327},
  timestamp = {Tue, 06 Nov 2018 00:00:00 +0100},
  biburl    = {https://dblp.org/rec/bib/conf/chi/PengMHM15},
  bibsource = {dblp computer science bibliography, https://dblp.org}
}

@inproceedings{DBLP:conf/chi/SchwarzMH15,
  author    = {Julia Schwarz and
               Jennifer Mankoff and
               Scott E. Hudson},
  title     = {An Architecture for Generating Interactive Feedback in Probabilistic
               User Interfaces},
  booktitle = {Proceedings of the 33rd Annual {ACM} Conference on Human Factors in
               Computing Systems, {CHI} 2015, Seoul, Republic of Korea, April 18-23,
               2015},
  pages     = {2545--2554},
  year      = {2015},
  crossref  = {DBLP:conf/chi/2015},
  url       = {https://doi.org/10.1145/2702123.2702228},
  doi       = {10.1145/2702123.2702228},
  timestamp = {Tue, 06 Nov 2018 00:00:00 +0100},
  biburl    = {https://dblp.org/rec/bib/conf/chi/SchwarzMH15},
  bibsource = {dblp computer science bibliography, https://dblp.org}
}

@inproceedings{DBLP:conf/chi/KimMP15,
  author    = {Sunyoung Kim and
               Jennifer Mankoff and
               Eric Paulos},
  title     = {Exploring Barriers to the Adoption of Mobile Technologies for Volunteer
               Data Collection Campaigns},
  booktitle = {Proceedings of the 33rd Annual {ACM} Conference on Human Factors in
               Computing Systems, {CHI} 2015, Seoul, Republic of Korea, April 18-23,
               2015},
  pages     = {3117--3126},
  year      = {2015},
  crossref  = {DBLP:conf/chi/2015},
  url       = {https://doi.org/10.1145/2702123.2702378},
  doi       = {10.1145/2702123.2702378},
  timestamp = {Tue, 06 Nov 2018 00:00:00 +0100},
  biburl    = {https://dblp.org/rec/bib/conf/chi/KimMP15},
  bibsource = {dblp computer science bibliography, https://dblp.org}
}

@inproceedings{DBLP:conf/siggraph/ChenCMH15,
  author    = {Xiang 'Anthony' Chen and
               Stelian Coros and
               Jennifer Mankoff and
               Scott E. Hudson},
  title     = {Encore: 3D printed augmentation of everyday objects with printed-over,
               affixed and interlocked attachments},
  booktitle = {Special Interest Group on Computer Graphics and Interactive Techniques
               Conference, {SIGGRAPH} '15, Los Angeles, CA, USA, August 9-13, 2015,
               Posters Proceedings},
  pages     = {3:1},
  year      = {2015},
  crossref  = {DBLP:conf/siggraph/2015posters},
  url       = {https://doi.org/10.1145/2787626.2787650},
  doi       = {10.1145/2787626.2787650},
  timestamp = {Tue, 06 Nov 2018 00:00:00 +0100},
  biburl    = {https://dblp.org/rec/bib/conf/siggraph/ChenCMH15},
  bibsource = {dblp computer science bibliography, https://dblp.org}
}

@inproceedings{DBLP:conf/uist/ChenCMH15,
  author    = {Xiang 'Anthony' Chen and
               Stelian Coros and
               Jennifer Mankoff and
               Scott E. Hudson},
  title     = {Encore: 3D Printed Augmentation of Everyday Objects with Printed-Over,
               Affixed and Interlocked Attachments},
  booktitle = {Proceedings of the 28th Annual {ACM} Symposium on User Interface Software
               {\&} Technology, {UIST} 2015, Charlotte, NC, USA, November 8-11, 2015},
  pages     = {73--82},
  year      = {2015},
  crossref  = {DBLP:conf/uist/2015},
  url       = {https://doi.org/10.1145/2807442.2807498},
  doi       = {10.1145/2807442.2807498},
  timestamp = {Tue, 06 Nov 2018 00:00:00 +0100},
  biburl    = {https://dblp.org/rec/bib/conf/uist/ChenCMH15},
  bibsource = {dblp computer science bibliography, https://dblp.org}
}

@article{DBLP:journals/interactions/SilbermanNKBCHDM14,
  author    = {M. Six Silberman and
               Lisa P. Nathan and
               Bran Knowles and
               Roy Bendor and
               Adrian K. Clear and
               Maria H{\aa}kansson and
               Tawanna Dillahunt and
               Jennifer Mankoff},
  title     = {Next steps for sustainable {HCI}},
  journal   = {Interactions},
  volume    = {21},
  number    = {5},
  pages     = {66--69},
  year      = {2014},
  url       = {https://doi.org/10.1145/2651820},
  doi       = {10.1145/2651820},
  timestamp = {Tue, 06 Nov 2018 00:00:00 +0100},
  biburl    = {https://dblp.org/rec/bib/journals/interactions/SilbermanNKBCHDM14},
  bibsource = {dblp computer science bibliography, https://dblp.org}
}

@inproceedings{DBLP:conf/chi/KimMP14,
  author    = {Sunyoung Kim and
               Jennifer Mankoff and
               Eric Paulos},
  title     = {Exploring the opportunities of mobile technology use in nonprofit
               organizations},
  booktitle = {{CHI} Conference on Human Factors in Computing Systems, CHI'14, Toronto,
               ON, Canada - April 26 - May 01, 2014, Extended Abstracts},
  pages     = {1939--1944},
  year      = {2014},
  crossref  = {DBLP:conf/chi/2014a},
  url       = {https://doi.org/10.1145/2559206.2581353},
  doi       = {10.1145/2559206.2581353},
  timestamp = {Tue, 06 Nov 2018 00:00:00 +0100},
  biburl    = {https://dblp.org/rec/bib/conf/chi/KimMP14},
  bibsource = {dblp computer science bibliography, https://dblp.org}
}

@inproceedings{DBLP:conf/chi/SchwarzXMHH14,
  author    = {Julia Schwarz and
               Robert Xiao and
               Jennifer Mankoff and
               Scott E. Hudson and
               Chris Harrison},
  title     = {Probabilistic palm rejection using spatiotemporal touch features and
               iterative classification},
  booktitle = {{CHI} Conference on Human Factors in Computing Systems, CHI'14, Toronto,
               ON, Canada - April 26 - May 01, 2014},
  pages     = {2009--2012},
  year      = {2014},
  crossref  = {DBLP:conf/chi/2014},
  url       = {https://doi.org/10.1145/2556288.2557056},
  doi       = {10.1145/2556288.2557056},
  timestamp = {Tue, 06 Nov 2018 00:00:00 +0100},
  biburl    = {https://dblp.org/rec/bib/conf/chi/SchwarzXMHH14},
  bibsource = {dblp computer science bibliography, https://dblp.org}
}

@inproceedings{DBLP:conf/chi/HuangSKSMS14,
  author    = {Kevin Huang and
               Patrick J. Sparto and
               Sara B. Kiesler and
               Asim Smailagic and
               Jennifer Mankoff and
               Daniel P. Siewiorek},
  title     = {A technology probe of wearable in-home computer-assisted physical
               therapy},
  booktitle = {{CHI} Conference on Human Factors in Computing Systems, CHI'14, Toronto,
               ON, Canada - April 26 - May 01, 2014},
  pages     = {2541--2550},
  year      = {2014},
  crossref  = {DBLP:conf/chi/2014},
  url       = {https://doi.org/10.1145/2556288.2557416},
  doi       = {10.1145/2556288.2557416},
  timestamp = {Tue, 06 Nov 2018 00:00:00 +0100},
  biburl    = {https://dblp.org/rec/bib/conf/chi/HuangSKSMS14},
  bibsource = {dblp computer science bibliography, https://dblp.org}
}

@inproceedings{DBLP:conf/chi/SchwarzMLHM14,
  author    = {Julia Schwarz and
               Charles Claudius Marais and
               Tommer Leyvand and
               Scott E. Hudson and
               Jennifer Mankoff},
  title     = {Combining body pose, gaze, and gesture to determine intention to interact
               in vision-based interfaces},
  booktitle = {{CHI} Conference on Human Factors in Computing Systems, CHI'14, Toronto,
               ON, Canada - April 26 - May 01, 2014},
  pages     = {3443--3452},
  year      = {2014},
  crossref  = {DBLP:conf/chi/2014},
  url       = {https://doi.org/10.1145/2556288.2556989},
  doi       = {10.1145/2556288.2556989},
  timestamp = {Tue, 06 Nov 2018 00:00:00 +0100},
  biburl    = {https://dblp.org/rec/bib/conf/chi/SchwarzMLHM14},
  bibsource = {dblp computer science bibliography, https://dblp.org}
}

@inproceedings{DBLP:conf/cscw/DillahuntM14,
  author    = {Tawanna Dillahunt and
               Jennifer Mankoff},
  title     = {Understanding factors of successful engagement around energy consumption
               between and among households},
  booktitle = {Computer Supported Cooperative Work, {CSCW} '14, Baltimore, MD, USA,
               February 15-19, 2014},
  pages     = {1246--1257},
  year      = {2014},
  crossref  = {DBLP:conf/cscw/2014},
  url       = {https://doi.org/10.1145/2531602.2531626},
  doi       = {10.1145/2531602.2531626},
  timestamp = {Tue, 06 Nov 2018 00:00:00 +0100},
  biburl    = {https://dblp.org/rec/bib/conf/cscw/DillahuntM14},
  bibsource = {dblp computer science bibliography, https://dblp.org}
}

@inproceedings{DBLP:conf/huc/KoehlerBOMD14,
  author    = {Christian Koehler and
               Nikola Banovic and
               Ian Oakley and
               Jennifer Mankoff and
               Anind K. Dey},
  title     = {Indoor-ALPS: an adaptive indoor location prediction system},
  booktitle = {The 2014 {ACM} Conference on Ubiquitous Computing, UbiComp '14, Seattle,
               WA, USA, September 13-17, 2014},
  pages     = {171--181},
  year      = {2014},
  crossref  = {DBLP:conf/huc/2014},
  url       = {https://doi.org/10.1145/2632048.2632069},
  doi       = {10.1145/2632048.2632069},
  timestamp = {Tue, 06 Nov 2018 00:00:00 +0100},
  biburl    = {https://dblp.org/rec/bib/conf/huc/KoehlerBOMD14},
  bibsource = {dblp computer science bibliography, https://dblp.org}
}

@inproceedings{DBLP:conf/ict4s/JainCMS14,
  author    = {Mohit Jain and
               Deepika Chhabra and
               Jennifer Mankoff and
               Amarjeet Singh},
  title     = {Energy Usage Attitudes of Urban India},
  booktitle = {{ICT} for Sustainability 2014 (ICT4S-14), Stockholm, Sweden, August
               25, 2014.},
  year      = {2014},
  crossref  = {DBLP:conf/ict4s/2014},
  url       = {https://doi.org/10.2991/ict4s-14.2014.25},
  doi       = {10.2991/ict4s-14.2014.25},
  timestamp = {Fri, 26 May 2017 01:00:00 +0200},
  biburl    = {https://dblp.org/rec/bib/conf/ict4s/JainCMS14},
  bibsource = {dblp computer science bibliography, https://dblp.org}
}

@inproceedings{DBLP:conf/mhci/BanovicBMD14,
  author    = {Nikola Banovic and
               Christina Brant and
               Jennifer Mankoff and
               Anind K. Dey},
  title     = {ProactiveTasks: the short of mobile device use sessions},
  booktitle = {Proceedings of the 16th international conference on Human-computer
               interaction with mobile devices {\&} services, MobileHCI 2014, Toronto,
               ON, Canada, September 23-26, 2014},
  pages     = {243--252},
  year      = {2014},
  crossref  = {DBLP:conf/mhci/2014},
  url       = {https://doi.org/10.1145/2628363.2628380},
  doi       = {10.1145/2628363.2628380},
  timestamp = {Tue, 06 Nov 2018 00:00:00 +0100},
  biburl    = {https://dblp.org/rec/bib/conf/mhci/BanovicBMD14},
  bibsource = {dblp computer science bibliography, https://dblp.org}
}

@inproceedings{DBLP:conf/mhci/ChenSHMH14,
  author    = {Xiang 'Anthony' Chen and
               Julia Schwarz and
               Chris Harrison and
               Jennifer Mankoff and
               Scott E. Hudson},
  title     = {Around-body interaction: sensing {\&} interaction techniques for proprioception-enhanced
               input with mobile devices},
  booktitle = {Proceedings of the 16th international conference on Human-computer
               interaction with mobile devices {\&} services, MobileHCI 2014, Toronto,
               ON, Canada, September 23-26, 2014},
  pages     = {287--290},
  year      = {2014},
  crossref  = {DBLP:conf/mhci/2014},
  url       = {https://doi.org/10.1145/2628363.2628402},
  doi       = {10.1145/2628363.2628402},
  timestamp = {Tue, 06 Nov 2018 00:00:00 +0100},
  biburl    = {https://dblp.org/rec/bib/conf/mhci/ChenSHMH14},
  bibsource = {dblp computer science bibliography, https://dblp.org}
}

@inproceedings{DBLP:conf/ph/CrawfordGSAM14,
  author    = {Jamie L. Crawford and
               Cheng Guo and
               Jessica Schroeder and
               Rosa I. Arriaga and
               Jennifer Mankoff},
  title     = {Is it a question of trust?: how search preferences influence forum
               use},
  booktitle = {Proceedings of the 8th International Conference on Pervasive Computing
               Technologies for Healthcare, PervasiveHealth 2014, Oldenburg, Germany,
               May 20-23, 2014},
  pages     = {118--125},
  year      = {2014},
  crossref  = {DBLP:conf/ph/2014},
  url       = {https://doi.org/10.4108/icst.pervasivehealth.2014.254988},
  doi       = {10.4108/icst.pervasivehealth.2014.254988},
  timestamp = {Fri, 26 May 2017 01:00:00 +0200},
  biburl    = {https://dblp.org/rec/bib/conf/ph/CrawfordGSAM14},
  bibsource = {dblp computer science bibliography, https://dblp.org}
}

@inproceedings{DBLP:conf/uist/ChenSHMH14,
  author    = {Xiang 'Anthony' Chen and
               Julia Schwarz and
               Chris Harrison and
               Jennifer Mankoff and
               Scott E. Hudson},
  title     = {Air+touch: interweaving touch {\&} in-air gestures},
  booktitle = {The 27th Annual {ACM} Symposium on User Interface Software and Technology,
               {UIST} '14, Honolulu, HI, USA, October 5-8, 2014},
  pages     = {519--525},
  year      = {2014},
  crossref  = {DBLP:conf/uist/2014},
  url       = {https://doi.org/10.1145/2642918.2647392},
  doi       = {10.1145/2642918.2647392},
  timestamp = {Tue, 06 Nov 2018 00:00:00 +0100},
  biburl    = {https://dblp.org/rec/bib/conf/uist/ChenSHMH14},
  bibsource = {dblp computer science bibliography, https://dblp.org}
}

@incollection{DBLP:books/sp/14/HudsonM14,
  author    = {Scott E. Hudson and
               Jennifer Mankoff},
  title     = {Concepts, Values, and Methods for Technical Human-Computer Interaction
               Research},
  booktitle = {Ways of Knowing in {HCI}},
  pages     = {69--93},
  year      = {2014},
  crossref  = {DBLP:books/sp/OK2014},
  url       = {https://doi.org/10.1007/978-1-4939-0378-8\_4},
  doi       = {10.1007/978-1-4939-0378-8\_4},
  timestamp = {Tue, 16 May 2017 14:01:43 +0200},
  biburl    = {https://dblp.org/rec/bib/books/sp/14/HudsonM14},
  bibsource = {dblp computer science bibliography, https://dblp.org}
}

@article{DBLP:journals/taccess/HurstHMT13,
  author    = {Amy Hurst and
               Scott E. Hudson and
               Jennifer Mankoff and
               Shari Trewin},
  title     = {Distinguishing Users By Pointing Performance in Laboratory and Real-World
               Tasks},
  journal   = {{TACCESS}},
  volume    = {5},
  number    = {2},
  pages     = {5:1--5:27},
  year      = {2013},
  url       = {https://doi.org/10.1145/2517039},
  doi       = {10.1145/2517039},
  timestamp = {Wed, 14 Nov 2018 00:00:00 +0100},
  biburl    = {https://dblp.org/rec/bib/journals/taccess/HurstHMT13},
  bibsource = {dblp computer science bibliography, https://dblp.org}
}

@inproceedings{DBLP:conf/assets/BanovicFTMD13,
  author    = {Nikola Banovic and
               Rachel L. Franz and
               Khai N. Truong and
               Jennifer Mankoff and
               Anind K. Dey},
  title     = {Uncovering information needs for independent spatial learning for
               users who are visually impaired},
  booktitle = {The 15th International {ACM} {SIGACCESS} Conference on Computers and
               Accessibility, {ASSETS} '13, Bellevue, WA, USA, October 21-23, 2013},
  pages     = {24:1--24:8},
  year      = {2013},
  crossref  = {DBLP:conf/assets/2013},
  url       = {https://doi.org/10.1145/2513383.2513445},
  doi       = {10.1145/2513383.2513445},
  timestamp = {Tue, 06 Nov 2018 00:00:00 +0100},
  biburl    = {https://dblp.org/rec/bib/conf/assets/BanovicFTMD13},
  bibsource = {dblp computer science bibliography, https://dblp.org}
}

@inproceedings{DBLP:conf/chi/KuksenokBM13,
  author    = {Katie Kuksenok and
               Michael Brooks and
               Jennifer Mankoff},
  title     = {Accessible online content creation by end users},
  booktitle = {2013 {ACM} {SIGCHI} Conference on Human Factors in Computing Systems,
               {CHI} '13, Paris, France, April 27 - May 2, 2013},
  pages     = {59--68},
  year      = {2013},
  crossref  = {DBLP:conf/chi/2013},
  url       = {https://doi.org/10.1145/2470654.2470664},
  doi       = {10.1145/2470654.2470664},
  timestamp = {Tue, 06 Nov 2018 00:00:00 +0100},
  biburl    = {https://dblp.org/rec/bib/conf/chi/KuksenokBM13},
  bibsource = {dblp computer science bibliography, https://dblp.org}
}

@inproceedings{DBLP:conf/chi/MankoffRF13,
  author    = {Jennifer Mankoff and
               Jennifer A. Rode and
               Haakon Faste},
  title     = {Looking past yesterday's tomorrow: using futures studies methods to
               extend the research horizon},
  booktitle = {2013 {ACM} {SIGCHI} Conference on Human Factors in Computing Systems,
               {CHI} '13, Paris, France, April 27 - May 2, 2013},
  pages     = {1629--1638},
  year      = {2013},
  crossref  = {DBLP:conf/chi/2013},
  url       = {https://doi.org/10.1145/2470654.2466216},
  doi       = {10.1145/2470654.2466216},
  timestamp = {Tue, 06 Nov 2018 00:00:00 +0100},
  biburl    = {https://dblp.org/rec/bib/conf/chi/MankoffRF13},
  bibsource = {dblp computer science bibliography, https://dblp.org}
}

@inproceedings{DBLP:conf/chi/ShrinivasanJSCHDM13,
  author    = {Yedendra B. Shrinivasan and
               Mohit Jain and
               Deva P. Seetharam and
               Abhishek Choudhary and
               Elaine M. Huang and
               Tawanna Dillahunt and
               Jennifer Mankoff},
  title     = {Deep conservation in urban India and its implications for the design
               of conservation technologies},
  booktitle = {2013 {ACM} {SIGCHI} Conference on Human Factors in Computing Systems,
               {CHI} '13, Paris, France, April 27 - May 2, 2013},
  pages     = {1969--1978},
  year      = {2013},
  crossref  = {DBLP:conf/chi/2013},
  url       = {https://doi.org/10.1145/2470654.2466261},
  doi       = {10.1145/2470654.2466261},
  timestamp = {Tue, 06 Nov 2018 00:00:00 +0100},
  biburl    = {https://dblp.org/rec/bib/conf/chi/ShrinivasanJSCHDM13},
  bibsource = {dblp computer science bibliography, https://dblp.org}
}

@inproceedings{DBLP:conf/chi/KimPM13,
  author    = {Sunyoung Kim and
               Eric Paulos and
               Jennifer Mankoff},
  title     = {inAir: a longitudinal study of indoor air quality measurements and
               visualizations},
  booktitle = {2013 {ACM} {SIGCHI} Conference on Human Factors in Computing Systems,
               {CHI} '13, Paris, France, April 27 - May 2, 2013},
  pages     = {2745--2754},
  year      = {2013},
  crossref  = {DBLP:conf/chi/2013},
  url       = {https://doi.org/10.1145/2470654.2481380},
  doi       = {10.1145/2470654.2481380},
  timestamp = {Tue, 06 Nov 2018 00:00:00 +0100},
  biburl    = {https://dblp.org/rec/bib/conf/chi/KimPM13},
  bibsource = {dblp computer science bibliography, https://dblp.org}
}

@inproceedings{DBLP:conf/cscw/KimMP13,
  author    = {Sunyoung Kim and
               Jennifer Mankoff and
               Eric Paulos},
  title     = {Sensr: evaluating a flexible framework for authoring mobile data-collection
               tools for citizen science},
  booktitle = {Computer Supported Cooperative Work, {CSCW} 2013, San Antonio, TX,
               USA, February 23-27, 2013},
  pages     = {1453--1462},
  year      = {2013},
  crossref  = {DBLP:conf/cscw/2013},
  url       = {https://doi.org/10.1145/2441776.2441940},
  doi       = {10.1145/2441776.2441940},
  timestamp = {Tue, 06 Nov 2018 00:00:00 +0100},
  biburl    = {https://dblp.org/rec/bib/conf/cscw/KimMP13},
  bibsource = {dblp computer science bibliography, https://dblp.org}
}

@inproceedings{DBLP:conf/huc/KoehlerZMD13,
  author    = {Christian Koehler and
               Brian D. Ziebart and
               Jennifer Mankoff and
               Anind K. Dey},
  title     = {TherML: occupancy prediction for thermostat control},
  booktitle = {The 2013 {ACM} International Joint Conference on Pervasive and Ubiquitous
               Computing, UbiComp '13, Zurich, Switzerland, September 8-12, 2013},
  pages     = {103--112},
  year      = {2013},
  crossref  = {DBLP:conf/huc/2013},
  url       = {https://doi.org/10.1145/2493432.2493441},
  doi       = {10.1145/2493432.2493441},
  timestamp = {Tue, 06 Nov 2018 00:00:00 +0100},
  biburl    = {https://dblp.org/rec/bib/conf/huc/KoehlerZMD13},
  bibsource = {dblp computer science bibliography, https://dblp.org}
}

@article{DBLP:journals/interactions/Mankoff12,
  author    = {Jennifer Mankoff},
  title     = {{HCI} and sustainability: a tale of two motivations},
  journal   = {Interactions},
  volume    = {19},
  number    = {3},
  pages     = {16--19},
  year      = {2012},
  url       = {https://doi.org/10.1145/2168931.2168937},
  doi       = {10.1145/2168931.2168937},
  timestamp = {Tue, 06 Nov 2018 00:00:00 +0100},
  biburl    = {https://dblp.org/rec/bib/journals/interactions/Mankoff12},
  bibsource = {dblp computer science bibliography, https://dblp.org}
}

@inproceedings{DBLP:conf/chi/GulottaFM12,
  author    = {Rebecca Gulotta and
               Haakon Faste and
               Jennifer Mankoff},
  title     = {Curation, provocation, and digital identity: risks and motivations
               for sharing provocative images online},
  booktitle = {{CHI} Conference on Human Factors in Computing Systems, {CHI} '12,
               Austin, TX, {USA} - May 05 - 10, 2012},
  pages     = {387--390},
  year      = {2012},
  crossref  = {DBLP:conf/chi/2012},
  url       = {https://doi.org/10.1145/2207676.2207729},
  doi       = {10.1145/2207676.2207729},
  timestamp = {Tue, 06 Nov 2018 00:00:00 +0100},
  biburl    = {https://dblp.org/rec/bib/conf/chi/GulottaFM12},
  bibsource = {dblp computer science bibliography, https://dblp.org}
}

@article{DBLP:journals/crossroads/DillahuntM11,
  author    = {Tawanna Dillahunt and
               Jennifer Mankoff},
  title     = {In the dark, out in the cold},
  journal   = {{ACM} Crossroads},
  volume    = {17},
  number    = {4},
  pages     = {39--41},
  year      = {2011},
  url       = {https://doi.org/10.1145/1961678.1961685},
  doi       = {10.1145/1961678.1961685},
  timestamp = {Tue, 06 Nov 2018 00:00:00 +0100},
  biburl    = {https://dblp.org/rec/bib/journals/crossroads/DillahuntM11},
  bibsource = {dblp computer science bibliography, https://dblp.org}
}

@inproceedings{DBLP:conf/chi/MankoffKKRW11,
  author    = {Jennifer Mankoff and
               Kateryna Kuksenok and
               Sara B. Kiesler and
               Jennifer A. Rode and
               Kelly Waldman},
  title     = {Competing online viewpoints and models of chronic illness},
  booktitle = {Proceedings of the International Conference on Human Factors in Computing
               Systems, {CHI} 2011, Vancouver, BC, Canada, May 7-12, 2011},
  pages     = {589--598},
  year      = {2011},
  crossref  = {DBLP:conf/chi/2011},
  url       = {https://doi.org/10.1145/1978942.1979027},
  doi       = {10.1145/1978942.1979027},
  timestamp = {Tue, 06 Nov 2018 00:00:00 +0100},
  biburl    = {https://dblp.org/rec/bib/conf/chi/MankoffKKRW11},
  bibsource = {dblp computer science bibliography, https://dblp.org}
}

@inproceedings{DBLP:conf/uist/SchwarzMH11,
  author    = {Julia Schwarz and
               Jennifer Mankoff and
               Scott E. Hudson},
  title     = {Monte carlo methods for managing interactive state, action and feedback
               under uncertainty},
  booktitle = {Proceedings of the 24th Annual {ACM} Symposium on User Interface Software
               and Technology, Santa Barbara, CA, USA, October 16-19, 2011},
  pages     = {235--244},
  year      = {2011},
  crossref  = {DBLP:conf/uist/2011},
  url       = {https://doi.org/10.1145/2047196.2047227},
  doi       = {10.1145/2047196.2047227},
  timestamp = {Tue, 06 Nov 2018 16:58:07 +0100},
  biburl    = {https://dblp.org/rec/bib/conf/uist/SchwarzMH11},
  bibsource = {dblp computer science bibliography, https://dblp.org}
}

@inproceedings{DBLP:conf/assets/MankoffHK10,
  author    = {Jennifer Mankoff and
               Gillian R. Hayes and
               Devva Kasnitz},
  title     = {Disability studies as a source of critical inquiry for the field of
               assistive technology},
  booktitle = {Proceedings of the 12th International {ACM} {SIGACCESS} Conference
               on Computers and Accessibility, {ASSETS} 2010, Orlando, FL, USA, October
               25 - 27, 2010},
  pages     = {3--10},
  year      = {2010},
  crossref  = {DBLP:conf/assets/2010},
  url       = {https://doi.org/10.1145/1878803.1878807},
  doi       = {10.1145/1878803.1878807},
  timestamp = {Tue, 06 Nov 2018 00:00:00 +0100},
  biburl    = {https://dblp.org/rec/bib/conf/assets/MankoffHK10},
  bibsource = {dblp computer science bibliography, https://dblp.org}
}

@inproceedings{DBLP:conf/chi/SchwarzHHM10,
  author    = {Julia Schwarz and
               Chris Harrison and
               Scott E. Hudson and
               Jennifer Mankoff},
  title     = {Cord input: an intuitive, high-accuracy, multi-degree-of-freedom input
               method for mobile devices},
  booktitle = {Proceedings of the 28th International Conference on Human Factors
               in Computing Systems, {CHI} 2010, Atlanta, Georgia, USA, April 10-15,
               2010},
  pages     = {1657--1660},
  year      = {2010},
  crossref  = {DBLP:conf/chi/2010},
  url       = {https://doi.org/10.1145/1753326.1753573},
  doi       = {10.1145/1753326.1753573},
  timestamp = {Tue, 06 Nov 2018 00:00:00 +0100},
  biburl    = {https://dblp.org/rec/bib/conf/chi/SchwarzHHM10},
  bibsource = {dblp computer science bibliography, https://dblp.org}
}

@inproceedings{DBLP:conf/hicss/GrevetMA10,
  author    = {Catherine Grevet and
               Jennifer Mankoff and
               Scott D. Anderson},
  title     = {Design and Evaluation of a Social Visualization Aimed at Encouraging
               Sustainable Behavior},
  booktitle = {43rd Hawaii International International Conference on Systems Science
               {(HICSS-43} 2010), Proceedings, 5-8 January 2010, Koloa, Kauai, HI,
               {USA}},
  pages     = {1--8},
  year      = {2010},
  crossref  = {DBLP:conf/hicss/2010},
  url       = {https://doi.org/10.1109/HICSS.2010.135},
  doi       = {10.1109/HICSS.2010.135},
  timestamp = {Tue, 23 May 2017 01:00:00 +0200},
  biburl    = {https://dblp.org/rec/bib/conf/hicss/GrevetMA10},
  bibsource = {dblp computer science bibliography, https://dblp.org}
}

@inproceedings{DBLP:conf/huc/DillahuntMP10,
  author    = {Tawanna Dillahunt and
               Jennifer Mankoff and
               Eric Paulos},
  title     = {Understanding conflict between landlords and tenants: implications
               for energy sensing and feedback},
  booktitle = {UbiComp 2010: Ubiquitous Computing, 12th International Conference,
               UbiComp 2010, Copenhagen, Denmark, September 26-29, 2010, Proceedings},
  pages     = {149--158},
  year      = {2010},
  crossref  = {DBLP:conf/huc/2010},
  url       = {https://doi.org/10.1145/1864349.1864376},
  doi       = {10.1145/1864349.1864376},
  timestamp = {Tue, 06 Nov 2018 00:00:00 +0100},
  biburl    = {https://dblp.org/rec/bib/conf/huc/DillahuntMP10},
  bibsource = {dblp computer science bibliography, https://dblp.org}
}

@inproceedings{DBLP:conf/icwsm/MankoffFDGGJMMMTSS10,
  author    = {Jennifer Mankoff and
               Susan R. Fussell and
               Tawanna Dillahunt and
               Rachel Glaves and
               Catherine Grevet and
               Michael Johnson and
               Deanna Matthews and
               H. Scott Matthews and
               Robert McGuire and
               Robert Thompson and
               Aubrey Shick and
               Leslie D. Setlock},
  title     = {StepGreen.org: Increasing Energy Saving Behaviors via Social Networks},
  booktitle = {Proceedings of the Fourth International Conference on Weblogs and
               Social Media, {ICWSM} 2010, Washington, DC, USA, May 23-26, 2010},
  year      = {2010},
  crossref  = {DBLP:conf/icwsm/2010},
  url       = {http://www.aaai.org/ocs/index.php/ICWSM/ICWSM10/paper/view/1474},
  timestamp = {Thu, 23 Aug 2018 01:00:00 +0200},
  biburl    = {https://dblp.org/rec/bib/conf/icwsm/MankoffFDGGJMMMTSS10},
  bibsource = {dblp computer science bibliography, https://dblp.org}
}

@inproceedings{DBLP:conf/iui/HurstHM10,
  author    = {Amy Hurst and
               Scott E. Hudson and
               Jennifer Mankoff},
  title     = {Automatically identifying targets users interact with during real
               world tasks},
  booktitle = {Proceedings of the 15th International Conference on Intelligent User
               Interfaces, {IUI} 2010, Hong Kong, China, February 7-10, 2010},
  pages     = {11--20},
  year      = {2010},
  crossref  = {DBLP:conf/iui/2010},
  url       = {https://doi.org/10.1145/1719970.1719973},
  doi       = {10.1145/1719970.1719973},
  timestamp = {Tue, 06 Nov 2018 11:07:41 +0100},
  biburl    = {https://dblp.org/rec/bib/conf/iui/HurstHM10},
  bibsource = {dblp computer science bibliography, https://dblp.org}
}

@inproceedings{DBLP:conf/uist/SchwarzHMW10,
  author    = {Julia Schwarz and
               Scott E. Hudson and
               Jennifer Mankoff and
               Andrew D. Wilson},
  title     = {A framework for robust and flexible handling of inputs with uncertainty},
  booktitle = {Proceedings of the 23rd Annual {ACM} Symposium on User Interface Software
               and Technology, New York, NY, USA, October 3-6, 2010},
  pages     = {47--56},
  year      = {2010},
  crossref  = {DBLP:conf/uist/2010},
  url       = {https://doi.org/10.1145/1866029.1866039},
  doi       = {10.1145/1866029.1866039},
  timestamp = {Tue, 06 Nov 2018 16:58:07 +0100},
  biburl    = {https://dblp.org/rec/bib/conf/uist/SchwarzHMW10},
  bibsource = {dblp computer science bibliography, https://dblp.org}
}

@article{DBLP:journals/pervasive/WoodruffM09,
  author    = {Allison Woodruff and
               Jennifer Mankoff},
  title     = {Environmental Sustainability},
  journal   = {{IEEE} Pervasive Computing},
  volume    = {8},
  number    = {1},
  pages     = {18--21},
  year      = {2009},
  url       = {https://doi.org/10.1109/MPRV.2009.6},
  doi       = {10.1109/MPRV.2009.6},
  timestamp = {Thu, 18 May 2017 01:00:00 +0200},
  biburl    = {https://dblp.org/rec/bib/journals/pervasive/WoodruffM09},
  bibsource = {dblp computer science bibliography, https://dblp.org}
}

@inproceedings{DBLP:conf/assets/KuksenokM09,
  author    = {Kateryna Kuksenok and
               Jennifer Mankoff},
  title     = {End-user moderation of cognitive accessibility in online communities:
               case study of brain fog in the lyme community},
  booktitle = {Proceedings of the 11th International {ACM} {SIGACCESS} Conference
               on Computers and Accessibility, {ASSETS} 2009, Pittsburgh, Pennsylvania,
               USA, October 25-28, 2009},
  pages     = {233--234},
  year      = {2009},
  crossref  = {DBLP:conf/assets/2009},
  url       = {https://doi.org/10.1145/1639642.1639691},
  doi       = {10.1145/1639642.1639691},
  timestamp = {Tue, 06 Nov 2018 00:00:00 +0100},
  biburl    = {https://dblp.org/rec/bib/conf/assets/KuksenokM09},
  bibsource = {dblp computer science bibliography, https://dblp.org}
}

@inproceedings{DBLP:conf/chi/FroehlichDKMCHL09,
  author    = {Jon Froehlich and
               Tawanna Dillahunt and
               Predrag V. Klasnja and
               Jennifer Mankoff and
               Sunny Consolvo and
               Beverly L. Harrison and
               James A. Landay},
  title     = {UbiGreen: investigating a mobile tool for tracking and supporting
               green transportation habits},
  booktitle = {Proceedings of the 27th International Conference on Human Factors
               in Computing Systems, {CHI} 2009, Boston, MA, USA, April 4-9, 2009},
  pages     = {1043--1052},
  year      = {2009},
  crossref  = {DBLP:conf/chi/2009},
  url       = {https://doi.org/10.1145/1518701.1518861},
  doi       = {10.1145/1518701.1518861},
  timestamp = {Wed, 14 Nov 2018 00:00:00 +0100},
  biburl    = {https://dblp.org/rec/bib/conf/chi/FroehlichDKMCHL09},
  bibsource = {dblp computer science bibliography, https://dblp.org}
}

@inproceedings{DBLP:conf/chi/SchwarzMM09,
  author    = {Julia Schwarz and
               Jennifer Mankoff and
               H. Scott Matthews},
  title     = {Reflections of everyday activities in spending data},
  booktitle = {Proceedings of the 27th International Conference on Human Factors
               in Computing Systems, {CHI} 2009, Boston, MA, USA, April 4-9, 2009},
  pages     = {1737--1740},
  year      = {2009},
  crossref  = {DBLP:conf/chi/2009},
  url       = {https://doi.org/10.1145/1518701.1518968},
  doi       = {10.1145/1518701.1518968},
  timestamp = {Tue, 06 Nov 2018 00:00:00 +0100},
  biburl    = {https://dblp.org/rec/bib/conf/chi/SchwarzMM09},
  bibsource = {dblp computer science bibliography, https://dblp.org}
}

@inproceedings{DBLP:conf/chi/HuangBMNT09,
  author    = {Elaine M. Huang and
               Eli Blevis and
               Jennifer Mankoff and
               Lisa P. Nathan and
               Bill Tomlinson},
  title     = {Defining the role of {HCI} in the challenges of sustainability},
  booktitle = {Proceedings of the 27th International Conference on Human Factors
               in Computing Systems, {CHI} 2009, Extended Abstracts Volume, Boston,
               MA, USA, April 4-9, 2009},
  pages     = {4827--4830},
  year      = {2009},
  crossref  = {DBLP:conf/chi/2009a},
  url       = {https://doi.org/10.1145/1520340.1520751},
  doi       = {10.1145/1520340.1520751},
  timestamp = {Tue, 06 Nov 2018 00:00:00 +0100},
  biburl    = {https://dblp.org/rec/bib/conf/chi/HuangBMNT09},
  bibsource = {dblp computer science bibliography, https://dblp.org}
}

@inproceedings{DBLP:conf/huc/DillahuntMPF09,
  author    = {Tawanna Dillahunt and
               Jennifer Mankoff and
               Eric Paulos and
               Susan R. Fussell},
  title     = {It's not all about "Green": energy use in low-income communities},
  booktitle = {UbiComp 2009: Ubiquitous Computing, 11th International Conference,
               UbiComp 2009, Orlando, Florida, USA, September 30 - October 3, 2009,
               Proceedings},
  pages     = {255--264},
  year      = {2009},
  crossref  = {DBLP:conf/huc/2009},
  url       = {https://doi.org/10.1145/1620545.1620583},
  doi       = {10.1145/1620545.1620583},
  timestamp = {Tue, 06 Nov 2018 00:00:00 +0100},
  biburl    = {https://dblp.org/rec/bib/conf/huc/DillahuntMPF09},
  bibsource = {dblp computer science bibliography, https://dblp.org}
}

@incollection{DBLP:series/hci/MatthewsHM09,
  author    = {Tara Matthews and
               Gary Hsieh and
               Jennifer Mankoff},
  title     = {Evaluating Peripheral Displays},
  booktitle = {Awareness Systems - Advances in Theory, Methodology and Design},
  pages     = {447--472},
  year      = {2009},
  crossref  = {DBLP:series/hci/MarkopoulosRM09},
  url       = {https://doi.org/10.1007/978-1-84882-477-5\_19},
  doi       = {10.1007/978-1-84882-477-5\_19},
  timestamp = {Tue, 16 May 2017 14:24:24 +0200},
  biburl    = {https://dblp.org/rec/bib/series/hci/MatthewsHM09},
  bibsource = {dblp computer science bibliography, https://dblp.org}
}

@article{DBLP:journals/computer/MankoffKB08,
  author    = {Jennifer Mankoff and
               Robin Kravets and
               Eli Blevis},
  title     = {Some Computer Science Issues in Creating a Sustainable World},
  journal   = {{IEEE} Computer},
  volume    = {41},
  number    = {8},
  pages     = {102--105},
  year      = {2008},
  url       = {https://doi.org/10.1109/MC.2008.307},
  doi       = {10.1109/MC.2008.307},
  timestamp = {Wed, 17 May 2017 01:00:00 +0200},
  biburl    = {https://dblp.org/rec/bib/journals/computer/MankoffKB08},
  bibsource = {dblp computer science bibliography, https://dblp.org}
}

@article{DBLP:journals/hhci/CarterMKM08,
  author    = {Scott Carter and
               Jennifer Mankoff and
               Scott R. Klemmer and
               Tara Matthews},
  title     = {Exiting the Cleanroom: On Ecological Validity and Ubiquitous Computing},
  journal   = {Human-Computer Interaction},
  volume    = {23},
  number    = {1},
  pages     = {47--99},
  year      = {2008},
  url       = {https://doi.org/10.1080/07370020701851086},
  doi       = {10.1080/07370020701851086},
  timestamp = {Sat, 20 May 2017 01:00:00 +0200},
  biburl    = {https://dblp.org/rec/bib/journals/hhci/CarterMKM08},
  bibsource = {dblp computer science bibliography, https://dblp.org}
}

@inproceedings{DBLP:conf/assets/HurstMH08,
  author    = {Amy Hurst and
               Jennifer Mankoff and
               Scott E. Hudson},
  title     = {Understanding pointing problems in real world computing environments},
  booktitle = {Proceedings of the 10th International {ACM} {SIGACCESS} Conference
               on Computers and Accessibility, {ASSETS} 2008, Halifax, Nova Scotia,
               Canada, October 13-15, 2008},
  pages     = {43--50},
  year      = {2008},
  crossref  = {DBLP:conf/assets/2008},
  url       = {https://doi.org/10.1145/1414471.1414481},
  doi       = {10.1145/1414471.1414481},
  timestamp = {Tue, 06 Nov 2018 00:00:00 +0100},
  biburl    = {https://dblp.org/rec/bib/conf/assets/HurstMH08},
  bibsource = {dblp computer science bibliography, https://dblp.org}
}

@inproceedings{DBLP:conf/iui/HurstHMT08,
  author    = {Amy Hurst and
               Scott E. Hudson and
               Jennifer Mankoff and
               Shari Trewin},
  title     = {Automatically detecting pointing performance},
  booktitle = {Proceedings of the 13th International Conference on Intelligent User
               Interfaces, {IUI} 2008, Gran Canaria, Canary Islands, Spain, January
               13-16, 2008},
  pages     = {11--19},
  year      = {2008},
  crossref  = {DBLP:conf/iui/2008},
  url       = {https://doi.org/10.1145/1378773.1378776},
  doi       = {10.1145/1378773.1378776},
  timestamp = {Wed, 14 Nov 2018 00:00:00 +0100},
  biburl    = {https://dblp.org/rec/bib/conf/iui/HurstHMT08},
  bibsource = {dblp computer science bibliography, https://dblp.org}
}

@inproceedings{DBLP:conf/chi/CarterMH07,
  author    = {Scott Carter and
               Jennifer Mankoff and
               Jeffrey Heer},
  title     = {Momento: support for situated ubicomp experimentation},
  booktitle = {Proceedings of the 2007 Conference on Human Factors in Computing Systems,
               {CHI} 2007, San Jose, California, USA, April 28 - May 3, 2007},
  pages     = {125--134},
  year      = {2007},
  crossref  = {DBLP:conf/chi/2007},
  url       = {https://doi.org/10.1145/1240624.1240644},
  doi       = {10.1145/1240624.1240644},
  timestamp = {Tue, 06 Nov 2018 00:00:00 +0100},
  biburl    = {https://dblp.org/rec/bib/conf/chi/CarterMH07},
  bibsource = {dblp computer science bibliography, https://dblp.org}
}

@inproceedings{DBLP:conf/chi/HurstHM07,
  author    = {Amy Hurst and
               Scott E. Hudson and
               Jennifer Mankoff},
  title     = {Dynamic detection of novice vs. skilled use without a task model},
  booktitle = {Proceedings of the 2007 Conference on Human Factors in Computing Systems,
               {CHI} 2007, San Jose, California, USA, April 28 - May 3, 2007},
  pages     = {271--280},
  year      = {2007},
  crossref  = {DBLP:conf/chi/2007},
  url       = {https://doi.org/10.1145/1240624.1240669},
  doi       = {10.1145/1240624.1240669},
  timestamp = {Tue, 06 Nov 2018 00:00:00 +0100},
  biburl    = {https://dblp.org/rec/bib/conf/chi/HurstHM07},
  bibsource = {dblp computer science bibliography, https://dblp.org}
}

@inproceedings{DBLP:conf/chi/MankoffBBFFHWS07,
  author    = {Jennifer Mankoff and
               Eli Blevis and
               Alan Borning and
               Batya Friedman and
               Susan R. Fussell and
               Jay Hasbrouck and
               Allison Woodruff and
               Phoebe Sengers},
  title     = {Environmental sustainability and interaction},
  booktitle = {Extended Abstracts Proceedings of the 2007 Conference on Human Factors
               in Computing Systems, {CHI} 2007, San Jose, California, USA, April
               28 - May 3, 2007},
  pages     = {2121--2124},
  year      = {2007},
  crossref  = {DBLP:conf/chi/2007a},
  url       = {https://doi.org/10.1145/1240866.1240963},
  doi       = {10.1145/1240866.1240963},
  timestamp = {Tue, 06 Nov 2018 00:00:00 +0100},
  biburl    = {https://dblp.org/rec/bib/conf/chi/MankoffBBFFHWS07},
  bibsource = {dblp computer science bibliography, https://dblp.org}
}

@inproceedings{DBLP:conf/hicss/MankoffMFJ07,
  author    = {Jennifer Mankoff and
               Deanna Matthews and
               Susan R. Fussell and
               Michael Johnson},
  title     = {Leveraging Social Networks To Motivate Individuals to Reduce their
               Ecological Footprints},
  booktitle = {40th Hawaii International International Conference on Systems Science
               {(HICSS-40} 2007), {CD-ROM} / Abstracts Proceedings, 3-6 January 2007,
               Waikoloa, Big Island, HI, {USA}},
  pages     = {87},
  year      = {2007},
  crossref  = {DBLP:conf/hicss/2007},
  url       = {https://doi.org/10.1109/HICSS.2007.325},
  doi       = {10.1109/HICSS.2007.325},
  timestamp = {Tue, 23 May 2017 01:00:00 +0200},
  biburl    = {https://dblp.org/rec/bib/conf/hicss/MankoffMFJ07},
  bibsource = {dblp computer science bibliography, https://dblp.org}
}

@inproceedings{DBLP:conf/siggraph/MankoffHA07,
  author    = {Jennifer Mankoff and
               Scott E. Hudson and
               Gregory D. Abowd},
  title     = {Interaction techniques for ambiguity resolution in recognition-based
               interfaces},
  booktitle = {34. International Conference on Computer Graphics and Interactive
               Techniques, {SIGGRAPH} 2007, San Diego, California, USA, August 5-9,
               2007, Courses},
  pages     = {11},
  year      = {2007},
  crossref  = {DBLP:conf/siggraph/2007courses},
  url       = {https://doi.org/10.1145/1281500.1281522},
  doi       = {10.1145/1281500.1281522},
  timestamp = {Tue, 06 Nov 2018 16:59:16 +0100},
  biburl    = {https://dblp.org/rec/bib/conf/siggraph/MankoffHA07},
  bibsource = {dblp computer science bibliography, https://dblp.org}
}

@inproceedings{DBLP:conf/uist/HurstMDH07,
  author    = {Amy Hurst and
               Jennifer Mankoff and
               Anind K. Dey and
               Scott E. Hudson},
  title     = {Dirty desktops: using a patina of magnetic mouse dust to make common
               interactor targets easier to select},
  booktitle = {Proceedings of the 20th Annual {ACM} Symposium on User Interface Software
               and Technology, Newport, Rhode Island, USA, October 7-10, 2007},
  pages     = {183--186},
  year      = {2007},
  crossref  = {DBLP:conf/uist/2007},
  url       = {https://doi.org/10.1145/1294211.1294242},
  doi       = {10.1145/1294211.1294242},
  timestamp = {Tue, 06 Nov 2018 16:58:06 +0100},
  biburl    = {https://dblp.org/rec/bib/conf/uist/HurstMDH07},
  bibsource = {dblp computer science bibliography, https://dblp.org}
}

@article{DBLP:journals/behaviourIT/MatthewsFHM06,
  author    = {Tara Matthews and
               Janette Fong and
               F. Wai{-}ling Ho{-}Ching and
               Jennifer Mankoff},
  title     = {Evaluating non-speech sound visualizations for the deaf},
  journal   = {Behaviour {\&} {IT}},
  volume    = {25},
  number    = {4},
  pages     = {333--351},
  year      = {2006},
  url       = {https://doi.org/10.1080/01449290600636488},
  doi       = {10.1080/01449290600636488},
  timestamp = {Wed, 14 Nov 2018 00:00:00 +0100},
  biburl    = {https://dblp.org/rec/bib/journals/behaviourIT/MatthewsFHM06},
  bibsource = {dblp computer science bibliography, https://dblp.org}
}

@inproceedings{DBLP:conf/assets/CarterHML06,
  author    = {Scott Carter and
               Amy Hurst and
               Jennifer Mankoff and
               Jack Li},
  title     = {Dynamically adapting GUIs to diverse input devices},
  booktitle = {Proceedings of the 8th International {ACM} {SIGACCESS} Conference
               on Computers and Accessibility, {ASSETS} 2006, Portland, Oregon, USA,
               October 23-25, 2006},
  pages     = {63--70},
  year      = {2006},
  crossref  = {DBLP:conf/assets/2006},
  url       = {https://doi.org/10.1145/1168987.1169000},
  doi       = {10.1145/1168987.1169000},
  timestamp = {Tue, 06 Nov 2018 00:00:00 +0100},
  biburl    = {https://dblp.org/rec/bib/conf/assets/CarterHML06},
  bibsource = {dblp computer science bibliography, https://dblp.org}
}

@inproceedings{DBLP:conf/chi/Mankoff06,
  author    = {Jennifer Mankoff},
  title     = {Practical service learning issues in {HCI}},
  booktitle = {Extended Abstracts Proceedings of the 2006 Conference on Human Factors
               in Computing Systems, {CHI} 2006, Montr{\'{e}}al, Qu{\'{e}}bec, Canada,
               April 22-27, 2006},
  pages     = {201--206},
  year      = {2006},
  crossref  = {DBLP:conf/chi/2006a},
  url       = {https://doi.org/10.1145/1125451.1125494},
  doi       = {10.1145/1125451.1125494},
  timestamp = {Tue, 06 Nov 2018 00:00:00 +0100},
  biburl    = {https://dblp.org/rec/bib/conf/chi/Mankoff06},
  bibsource = {dblp computer science bibliography, https://dblp.org}
}

@inproceedings{DBLP:conf/huc/MatthewsCPFM06,
  author    = {Tara Matthews and
               Scott Carter and
               Carol Pai and
               Janette Fong and
               Jennifer Mankoff},
  title     = {Scribe4Me: Evaluating a Mobile Sound Transcription Tool for the Deaf},
  booktitle = {UbiComp 2006: Ubiquitous Computing, 8th International Conference,
               UbiComp 2006, Orange County, CA, USA, September 17-21, 2006},
  pages     = {159--176},
  year      = {2006},
  crossref  = {DBLP:conf/huc/2006},
  url       = {https://doi.org/10.1007/11853565\_10},
  doi       = {10.1007/11853565\_10},
  timestamp = {Tue, 14 May 2019 10:00:52 +0200},
  biburl    = {https://dblp.org/rec/bib/conf/huc/MatthewsCPFM06},
  bibsource = {dblp computer science bibliography, https://dblp.org}
}

@inproceedings{DBLP:conf/siggraph/MankoffHA06,
  author    = {Jennifer Mankoff and
               Scott E. Hudson and
               Gregory D. Abowd},
  title     = {Interaction techniques for ambiguity resolution in recognition-based
               interfaces},
  booktitle = {33. International Conference on Computer Graphics and Interactive
               Techniques, {SIGGRAPH} 2006, Boston, Massachusetts, USA, July 30 -
               August 3, 2006, Courses},
  pages     = {6},
  year      = {2006},
  crossref  = {DBLP:conf/siggraph/2006courses},
  url       = {https://doi.org/10.1145/1185657.1185767},
  doi       = {10.1145/1185657.1185767},
  timestamp = {Tue, 06 Nov 2018 16:59:18 +0100},
  biburl    = {https://dblp.org/rec/bib/conf/siggraph/MankoffHA06},
  bibsource = {dblp computer science bibliography, https://dblp.org}
}

@inproceedings{DBLP:conf/uist/HudsonM06,
  author    = {Scott E. Hudson and
               Jennifer Mankoff},
  title     = {Rapid construction of functioning physical interfaces from cardboard,
               thumbtacks, tin foil and masking tape},
  booktitle = {Proceedings of the 19th Annual {ACM} Symposium on User Interface Software
               and Technology, Montreux, Switzerland, October 15-18, 2006},
  pages     = {289--298},
  year      = {2006},
  crossref  = {DBLP:conf/uist/2006},
  url       = {https://doi.org/10.1145/1166253.1166299},
  doi       = {10.1145/1166253.1166299},
  timestamp = {Tue, 06 Nov 2018 16:58:07 +0100},
  biburl    = {https://dblp.org/rec/bib/conf/uist/HudsonM06},
  bibsource = {dblp computer science bibliography, https://dblp.org}
}

@article{DBLP:journals/ibmsj/MankoffFJ05,
  author    = {Jennifer Mankoff and
               Holly Fait and
               Ray Juang},
  title     = {Evaluating accessibility by simulating the experiences of users with
               vision or motor impairments},
  journal   = {{IBM} Systems Journal},
  volume    = {44},
  number    = {3},
  pages     = {505--518},
  year      = {2005},
  url       = {https://doi.org/10.1147/sj.443.0505},
  doi       = {10.1147/sj.443.0505},
  timestamp = {Thu, 18 May 2017 01:00:00 +0200},
  biburl    = {https://dblp.org/rec/bib/journals/ibmsj/MankoffFJ05},
  bibsource = {dblp computer science bibliography, https://dblp.org}
}

@article{DBLP:journals/pervasive/CarterM05,
  author    = {Scott Carter and
               Jennifer Mankoff},
  title     = {Prototypes in the wild lessons from three ubicomp systems},
  journal   = {{IEEE} Pervasive Computing},
  volume    = {4},
  number    = {4},
  pages     = {51--57},
  year      = {2005},
  url       = {https://doi.org/10.1109/MPRV.2005.84},
  doi       = {10.1109/MPRV.2005.84},
  timestamp = {Thu, 18 May 2017 01:00:00 +0200},
  biburl    = {https://dblp.org/rec/bib/journals/pervasive/CarterM05},
  bibsource = {dblp computer science bibliography, https://dblp.org}
}

@article{DBLP:journals/tochi/DeyM05,
  author    = {Anind K. Dey and
               Jennifer Mankoff},
  title     = {Designing mediation for context-aware applications},
  journal   = {{ACM} Trans. Comput.-Hum. Interact.},
  volume    = {12},
  number    = {1},
  pages     = {53--80},
  year      = {2005},
  url       = {https://doi.org/10.1145/1057237.1057241},
  doi       = {10.1145/1057237.1057241},
  timestamp = {Tue, 06 Nov 2018 00:00:00 +0100},
  biburl    = {https://dblp.org/rec/bib/journals/tochi/DeyM05},
  bibsource = {dblp computer science bibliography, https://dblp.org}
}

@inproceedings{DBLP:conf/assets/MatthewsFM05,
  author    = {Tara Matthews and
               Janette Fong and
               Jennifer Mankoff},
  title     = {Visualizing non-speech sounds for the deaf},
  booktitle = {Proceedings of the {ACM} {SIGACCESS} Conference on Computers and Accessibility,
               {ASSETS} 2005, Baltimore, MD, USA, October 9-12, 2005},
  pages     = {52--59},
  year      = {2005},
  crossref  = {DBLP:conf/assets/2005},
  url       = {https://doi.org/10.1145/1090785.1090797},
  doi       = {10.1145/1090785.1090797},
  timestamp = {Tue, 06 Nov 2018 00:00:00 +0100},
  biburl    = {https://dblp.org/rec/bib/conf/assets/MatthewsFM05},
  bibsource = {dblp computer science bibliography, https://dblp.org}
}

@inproceedings{DBLP:conf/chi/MankoffFT05,
  author    = {Jennifer Mankoff and
               Holly Fait and
               Tu Tran},
  title     = {Is your web page accessible?: a comparative study of methods for assessing
               web page accessibility for the blind},
  booktitle = {Proceedings of the 2005 Conference on Human Factors in Computing Systems,
               {CHI} 2005, Portland, Oregon, USA, April 2-7, 2005},
  pages     = {41--50},
  year      = {2005},
  crossref  = {DBLP:conf/chi/2005},
  url       = {https://doi.org/10.1145/1054972.1054979},
  doi       = {10.1145/1054972.1054979},
  timestamp = {Tue, 06 Nov 2018 00:00:00 +0100},
  biburl    = {https://dblp.org/rec/bib/conf/chi/MankoffFT05},
  bibsource = {dblp computer science bibliography, https://dblp.org}
}

@inproceedings{DBLP:conf/chi/HudsonMS05,
  author    = {Scott E. Hudson and
               Jennifer Mankoff and
               Ian E. Smith},
  title     = {Extensible input handling in the subArctic toolkit},
  booktitle = {Proceedings of the 2005 Conference on Human Factors in Computing Systems,
               {CHI} 2005, Portland, Oregon, USA, April 2-7, 2005},
  pages     = {381--390},
  year      = {2005},
  crossref  = {DBLP:conf/chi/2005},
  url       = {https://doi.org/10.1145/1054972.1055025},
  doi       = {10.1145/1054972.1055025},
  timestamp = {Tue, 06 Nov 2018 00:00:00 +0100},
  biburl    = {https://dblp.org/rec/bib/conf/chi/HudsonMS05},
  bibsource = {dblp computer science bibliography, https://dblp.org}
}

@inproceedings{DBLP:conf/chi/CarterM05,
  author    = {Scott Carter and
               Jennifer Mankoff},
  title     = {When participants do the capturing: the role of media in diary studies},
  booktitle = {Proceedings of the 2005 Conference on Human Factors in Computing Systems,
               {CHI} 2005, Portland, Oregon, USA, April 2-7, 2005},
  pages     = {899--908},
  year      = {2005},
  crossref  = {DBLP:conf/chi/2005},
  url       = {https://doi.org/10.1145/1054972.1055098},
  doi       = {10.1145/1054972.1055098},
  timestamp = {Tue, 06 Nov 2018 00:00:00 +0100},
  biburl    = {https://dblp.org/rec/bib/conf/chi/CarterM05},
  bibsource = {dblp computer science bibliography, https://dblp.org}
}

@inproceedings{DBLP:conf/chi/DavidoffBLMF05,
  author    = {Scott Davidoff and
               Carson Bloomberg and
               Ian Anthony R. Li and
               Jennifer Mankoff and
               Susan R. Fussell},
  title     = {The book as user interface: lowering the entry cost to email for elders},
  booktitle = {Extended Abstracts Proceedings of the 2005 Conference on Human Factors
               in Computing Systems, {CHI} 2005, Portland, Oregon, USA, April 2-7,
               2005},
  pages     = {1331--1334},
  year      = {2005},
  crossref  = {DBLP:conf/chi/2005a},
  url       = {https://doi.org/10.1145/1056808.1056909},
  doi       = {10.1145/1056808.1056909},
  timestamp = {Tue, 06 Nov 2018 00:00:00 +0100},
  biburl    = {https://dblp.org/rec/bib/conf/chi/DavidoffBLMF05},
  bibsource = {dblp computer science bibliography, https://dblp.org}
}

@inproceedings{DBLP:conf/uist/MankoffDMM05,
  author    = {Demi Mankoff and
               Anind K. Dey and
               Jennifer Mankoff and
               Ken Mankoff},
  title     = {Supporting interspecies social awareness: using peripheral displays
               for distributed pack awareness},
  booktitle = {Proceedings of the 18th Annual {ACM} Symposium on User Interface Software
               and Technology, Seattle, WA, USA, October 23-26, 2005},
  pages     = {253--258},
  year      = {2005},
  crossref  = {DBLP:conf/uist/2005},
  url       = {https://doi.org/10.1145/1095034.1095076},
  doi       = {10.1145/1095034.1095076},
  timestamp = {Tue, 06 Nov 2018 16:58:06 +0100},
  biburl    = {https://dblp.org/rec/bib/conf/uist/MankoffDMM05},
  bibsource = {dblp computer science bibliography, https://dblp.org}
}

@article{DBLP:journals/cscw/CarterMG04,
  author    = {Scott Carter and
               Jennifer Mankoff and
               P. Goddi},
  title     = {Building Connections among Loosely Coupled Groups: Hebb's Rule at
               Work},
  journal   = {Computer Supported Cooperative Work},
  volume    = {13},
  number    = {3},
  pages     = {305--327},
  year      = {2004},
  url       = {https://doi.org/10.1007/s10606-004-2805-5},
  doi       = {10.1007/s10606-004-2805-5},
  timestamp = {Sun, 28 May 2017 01:00:00 +0200},
  biburl    = {https://dblp.org/rec/bib/journals/cscw/CarterMG04},
  bibsource = {dblp computer science bibliography, https://dblp.org}
}

@inproceedings{DBLP:conf/chi/HeerGRDM04,
  author    = {Jeffrey Heer and
               Nathaniel Good and
               Ana Ramirez and
               Marc Davis and
               Jennifer Mankoff},
  title     = {Presiding over accidents: system direction of human action},
  booktitle = {Proceedings of the 2004 Conference on Human Factors in Computing Systems,
               {CHI} 2004, Vienna, Austria, April 24 - 29, 2004},
  pages     = {463--470},
  year      = {2004},
  crossref  = {DBLP:conf/chi/2004},
  url       = {https://doi.org/10.1145/985692.985751},
  doi       = {10.1145/985692.985751},
  timestamp = {Tue, 06 Nov 2018 00:00:00 +0100},
  biburl    = {https://dblp.org/rec/bib/conf/chi/HeerGRDM04},
  bibsource = {dblp computer science bibliography, https://dblp.org}
}

@inproceedings{DBLP:conf/uist/MatthewsDMCR04,
  author    = {Tara Matthews and
               Anind K. Dey and
               Jennifer Mankoff and
               Scott Carter and
               Tye Rattenbury},
  title     = {A toolkit for managing user attention in peripheral displays},
  booktitle = {Proceedings of the 17th Annual {ACM} Symposium on User Interface Software
               and Technology, Santa Fe, NM, USA, October 24-27, 2004},
  pages     = {247--256},
  year      = {2004},
  crossref  = {DBLP:conf/uist/2004},
  url       = {https://doi.org/10.1145/1029632.1029676},
  doi       = {10.1145/1029632.1029676},
  timestamp = {Tue, 06 Nov 2018 16:58:06 +0100},
  biburl    = {https://dblp.org/rec/bib/conf/uist/MatthewsDMCR04},
  bibsource = {dblp computer science bibliography, https://dblp.org}
}

@inproceedings{DBLP:conf/chi/Ho-ChingML03,
  author    = {F. Wai{-}ling Ho{-}Ching and
               Jennifer Mankoff and
               James A. Landay},
  title     = {Can you see what i hear?: the design and evaluation of a peripheral
               sound display for the deaf},
  booktitle = {Proceedings of the 2003 Conference on Human Factors in Computing Systems,
               {CHI} 2003, Ft. Lauderdale, Florida, USA, April 5-10, 2003},
  pages     = {161--168},
  year      = {2003},
  crossref  = {DBLP:conf/chi/2003},
  url       = {https://doi.org/10.1145/642611.642641},
  doi       = {10.1145/642611.642641},
  timestamp = {Tue, 06 Nov 2018 00:00:00 +0100},
  biburl    = {https://dblp.org/rec/bib/conf/chi/Ho-ChingML03},
  bibsource = {dblp computer science bibliography, https://dblp.org}
}

@inproceedings{DBLP:conf/chi/MankoffDHKLA03,
  author    = {Jennifer Mankoff and
               Anind K. Dey and
               Gary Hsieh and
               Julie A. Kientz and
               Scott Lederer and
               Morgan Ames},
  title     = {Heuristic evaluation of ambient displays},
  booktitle = {Proceedings of the 2003 Conference on Human Factors in Computing Systems,
               {CHI} 2003, Ft. Lauderdale, Florida, USA, April 5-10, 2003},
  pages     = {169--176},
  year      = {2003},
  crossref  = {DBLP:conf/chi/2003},
  url       = {https://doi.org/10.1145/642611.642642},
  doi       = {10.1145/642611.642642},
  timestamp = {Tue, 06 Nov 2018 00:00:00 +0100},
  biburl    = {https://dblp.org/rec/bib/conf/chi/MankoffDHKLA03},
  bibsource = {dblp computer science bibliography, https://dblp.org}
}

@inproceedings{DBLP:conf/chi/LedererMD03,
  author    = {Scott Lederer and
               Jennifer Mankoff and
               Anind K. Dey},
  title     = {Who wants to know what when? privacy preference determinants in ubiquitous
               computing},
  booktitle = {Extended abstracts of the 2003 Conference on Human Factors in Computing
               Systems, {CHI} 2003, Ft. Lauderdale, Florida, USA, April 5-10, 2003},
  pages     = {724--725},
  year      = {2003},
  crossref  = {DBLP:conf/chi/2003a},
  url       = {https://doi.org/10.1145/765891.765952},
  doi       = {10.1145/765891.765952},
  timestamp = {Tue, 06 Nov 2018 00:00:00 +0100},
  biburl    = {https://dblp.org/rec/bib/conf/chi/LedererMD03},
  bibsource = {dblp computer science bibliography, https://dblp.org}
}

@inproceedings{DBLP:conf/assets/MankoffDBM02,
  author    = {Jennifer Mankoff and
               Anind K. Dey and
               Udit Batra and
               Melody M. Moore},
  title     = {Web accessibility for low bandwidth input},
  booktitle = {Proceedings of the {ACM} Conference on Assistive Technologies, {ASSETS}
               2002, Edinburgh, Scotland, UK, July 8-10, 2002},
  pages     = {17--24},
  year      = {2002},
  crossref  = {DBLP:conf/assets/2002},
  url       = {https://doi.org/10.1145/638249.638255},
  doi       = {10.1145/638249.638255},
  timestamp = {Tue, 06 Nov 2018 00:00:00 +0100},
  biburl    = {https://dblp.org/rec/bib/conf/assets/MankoffDBM02},
  bibsource = {dblp computer science bibliography, https://dblp.org}
}

@inproceedings{DBLP:conf/huc/MankoffHHLN02,
  author    = {Jennifer Mankoff and
               Gary Hsieh and
               Ho Chak Hung and
               Sharon Lee and
               Elizabeth Nitao},
  title     = {Using Low-Cost Sensing to Support Nutritional Awareness},
  booktitle = {UbiComp 2002: Ubiquitous Computing, 4th International Conference,
               G{\"{o}}teborg, Sweden, September 29 - October 1, 2002, Proceedings},
  pages     = {371--376},
  year      = {2002},
  crossref  = {DBLP:conf/huc/2002},
  url       = {https://doi.org/10.1007/3-540-45809-3\_29},
  doi       = {10.1007/3-540-45809-3\_29},
  timestamp = {Tue, 14 May 2019 10:00:52 +0200},
  biburl    = {https://dblp.org/rec/bib/conf/huc/MankoffHHLN02},
  bibsource = {dblp computer science bibliography, https://dblp.org}
}

@inproceedings{DBLP:conf/uist/DeyMAC02,
  author    = {Anind K. Dey and
               Jennifer Mankoff and
               Gregory D. Abowd and
               Scott Carter},
  title     = {Distributed mediation of ambiguous context in aware environments},
  booktitle = {Proceedings of the 15th Annual {ACM} Symposium on User Interface Software
               and Technology, Paris, France, October 27-30, 2002},
  pages     = {121--130},
  year      = {2002},
  crossref  = {DBLP:conf/uist/2002},
  url       = {https://doi.org/10.1145/571985.572003},
  doi       = {10.1145/571985.572003},
  timestamp = {Tue, 06 Nov 2018 16:58:06 +0100},
  biburl    = {https://dblp.org/rec/bib/conf/uist/DeyMAC02},
  bibsource = {dblp computer science bibliography, https://dblp.org}
}

@inproceedings{DBLP:conf/chi/JacksonKMM01,
  author    = {Melody Moore Jackson and
               Philip R. Kennedy and
               Elizabeth D. Mynatt and
               Jennifer Mankoff},
  title     = {Nudge and shove: frequency thresholding for navigation in direct brain-computer
               interfaces},
  booktitle = {{CHI} '01 Extended Abstracts on Human Factors in Computing Systems,
               {CHI} Extended Abstracts '01, Seattle, Washington, USA, March 31 -
               April 5, 2001},
  pages     = {361--362},
  year      = {2001},
  crossref  = {DBLP:conf/chi/2001a},
  url       = {https://doi.org/10.1145/634067.634280},
  doi       = {10.1145/634067.634280},
  timestamp = {Tue, 06 Nov 2018 16:58:53 +0100},
  biburl    = {https://dblp.org/rec/bib/conf/chi/JacksonKMM01},
  bibsource = {dblp computer science bibliography, https://dblp.org}
}

@article{DBLP:journals/cg/MankoffAH00,
  author    = {Jennifer Mankoff and
               Gregory D. Abowd and
               Scott E. Hudson},
  title     = {{OOPS:} a toolkit supporting mediation techniques for resolving ambiguity
               in recognition-based interfaces},
  journal   = {Computers {\&} Graphics},
  volume    = {24},
  number    = {6},
  pages     = {819--834},
  year      = {2000},
  url       = {https://doi.org/10.1016/S0097-8493(00)00085-6},
  doi       = {10.1016/S0097-8493(00)00085-6},
  timestamp = {Wed, 17 May 2017 01:00:00 +0200},
  biburl    = {https://dblp.org/rec/bib/journals/cg/MankoffAH00},
  bibsource = {dblp computer science bibliography, https://dblp.org}
}

@inproceedings{DBLP:conf/chi/Mankoff00,
  author    = {Jennifer Mankoff},
  title     = {Providing integrated toolkit-level support for ambiguity in recognition-based
               interfaces},
  booktitle = {{CHI} '00 Extended Abstracts on Human Factors in Computing Systems,
               {CHI} Extended Abstracts '00, The Hague, The Netherlands, April 1-6,
               2000},
  pages     = {77--78},
  year      = {2000},
  crossref  = {DBLP:conf/chi/2000a},
  url       = {https://doi.org/10.1145/633292.633339},
  doi       = {10.1145/633292.633339},
  timestamp = {Tue, 06 Nov 2018 16:58:47 +0100},
  biburl    = {https://dblp.org/rec/bib/conf/chi/Mankoff00},
  bibsource = {dblp computer science bibliography, https://dblp.org}
}

@inproceedings{DBLP:conf/chi/MankoffHA00,
  author    = {Jennifer Mankoff and
               Scott E. Hudson and
               Gregory D. Abowd},
  title     = {Providing integrated toolkit-level support for ambiguity in recognition-based
               interfaces},
  booktitle = {Proceedings of the {CHI} 2000 Conference on Human factors in computing
               systems, The Hague, The Netherlands, April 1-6, 2000.},
  pages     = {368--375},
  year      = {2000},
  crossref  = {DBLP:conf/chi/2000},
  url       = {https://doi.org/10.1145/332040.332459},
  doi       = {10.1145/332040.332459},
  timestamp = {Tue, 06 Nov 2018 00:00:00 +0100},
  biburl    = {https://dblp.org/rec/bib/conf/chi/MankoffHA00},
  bibsource = {dblp computer science bibliography, https://dblp.org}
}

@inproceedings{DBLP:conf/uist/MankoffHA00,
  author    = {Jennifer Mankoff and
               Scott E. Hudson and
               Gregory D. Abowd},
  title     = {Interaction techniques for ambiguity resolution in recognition-based
               interfaces},
  booktitle = {Proceedings of the 13th Annual {ACM} Symposium on User Interface Software
               and Technology, {UIST} 2000, San Diego, California, USA, November
               6-8, 2000},
  pages     = {11--20},
  year      = {2000},
  crossref  = {DBLP:conf/uist/2000},
  url       = {https://doi.org/10.1145/354401.354407},
  doi       = {10.1145/354401.354407},
  timestamp = {Tue, 06 Nov 2018 16:58:06 +0100},
  biburl    = {https://dblp.org/rec/bib/conf/uist/MankoffHA00},
  bibsource = {dblp computer science bibliography, https://dblp.org}
}

@inproceedings{DBLP:conf/assets/MynattBBMM98,
  author    = {Elizabeth D. Mynatt and
               Douglas Blattner and
               Meera Blattner and
               Blair MacIntyre and
               Jennifer Mankoff},
  title     = {Augmenting Home and Office Environments},
  booktitle = {Proceedings of the Third International {ACM} Conference on Assistive
               Technologies, {ASSETS} 1998, Marina del Rey, CA, USA, April 15-17,
               1998},
  pages     = {169--172},
  year      = {1998},
  crossref  = {DBLP:conf/assets/1998},
  url       = {https://doi.org/10.1145/274497.274529},
  doi       = {10.1145/274497.274529},
  timestamp = {Tue, 06 Nov 2018 16:57:27 +0100},
  biburl    = {https://dblp.org/rec/bib/conf/assets/MynattBBMM98},
  bibsource = {dblp computer science bibliography, https://dblp.org}
}

@inproceedings{DBLP:conf/uist/MankoffA98,
  author    = {Jennifer Mankoff and
               Gregory D. Abowd},
  title     = {Cirrin: {A} Word-Level Unistroke Keyboard for Pen Input},
  booktitle = {Proceedings of the 11th Annual {ACM} Symposium on User Interface Software
               and Technology, {UIST} 1998, San Francisco, CA, USA, November 1-4,
               1998},
  pages     = {213--214},
  year      = {1998},
  crossref  = {DBLP:conf/uist/1998},
  url       = {https://doi.org/10.1145/288392.288611},
  doi       = {10.1145/288392.288611},
  timestamp = {Tue, 06 Nov 2018 16:58:06 +0100},
  biburl    = {https://dblp.org/rec/bib/conf/uist/MankoffA98},
  bibsource = {dblp computer science bibliography, https://dblp.org}
}

@inproceedings{DBLP:conf/chi/MankoffS97,
  author    = {Jennifer Mankoff and
               Bill N. Schilit},
  title     = {Supporting Knowledge Workers Beyond the Desktop With Palplates},
  booktitle = {Human Factors in Computing Systems, {CHI} '97 Conference Proceedings,
               Atlanta, Georgia, USA, March 22-27, 1997.},
  pages     = {550--551},
  year      = {1997},
  crossref  = {DBLP:conf/chi/1997},
  url       = {https://doi.org/10.1145/258549.259030},
  doi       = {10.1145/258549.259030},
  timestamp = {Tue, 06 Nov 2018 00:00:00 +0100},
  biburl    = {https://dblp.org/rec/bib/conf/chi/MankoffS97},
  bibsource = {dblp computer science bibliography, https://dblp.org}
}

@proceedings{DBLP:conf/chi/2019,
  editor    = {Stephen A. Brewster and
               Geraldine Fitzpatrick and
               Anna L. Cox and
               Vassilis Kostakos},
  title     = {Proceedings of the 2019 {CHI} Conference on Human Factors in Computing
               Systems, {CHI} 2019, Glasgow, Scotland, UK, May 04-09, 2019},
  publisher = {{ACM}},
  year      = {2019},
  url       = {https://doi.org/10.1145/3290605},
  doi       = {10.1145/3290605},
  isbn      = {978-1-4503-5970-2},
  timestamp = {Wed, 01 May 2019 17:20:00 +0200},
  biburl    = {https://dblp.org/rec/bib/conf/chi/2019},
  bibsource = {dblp computer science bibliography, https://dblp.org}
}

@proceedings{DBLP:conf/assets/2018,
  editor    = {Faustina Hwang and
               Joanna McGrenere and
               David R. Flatla},
  title     = {Proceedings of the 20th International {ACM} {SIGACCESS} Conference
               on Computers and Accessibility, {ASSETS} 2018, Galway, Ireland, October
               22-24, 2018},
  publisher = {{ACM}},
  year      = {2018},
  url       = {http://dl.acm.org/citation.cfm?id=3234695},
  timestamp = {Wed, 10 Oct 2018 09:30:28 +0200},
  biburl    = {https://dblp.org/rec/bib/conf/assets/2018},
  bibsource = {dblp computer science bibliography, https://dblp.org}
}

@proceedings{DBLP:conf/chi/2018a,
  editor    = {Regan L. Mandryk and
               Mark Hancock and
               Mark Perry and
               Anna L. Cox},
  title     = {Extended Abstracts of the 2018 {CHI} Conference on Human Factors in
               Computing Systems, {CHI} 2018, Montreal, QC, Canada, April 21-26,
               2018},
  publisher = {{ACM}},
  year      = {2018},
  url       = {https://doi.org/10.1145/3170427},
  doi       = {10.1145/3170427},
  timestamp = {Wed, 21 Nov 2018 12:44:22 +0100},
  biburl    = {https://dblp.org/rec/bib/conf/chi/2018a},
  bibsource = {dblp computer science bibliography, https://dblp.org}
}

@proceedings{DBLP:conf/chi/2018,
  editor    = {Regan L. Mandryk and
               Mark Hancock and
               Mark Perry and
               Anna L. Cox},
  title     = {Proceedings of the 2018 {CHI} Conference on Human Factors in Computing
               Systems, {CHI} 2018, Montreal, QC, Canada, April 21-26, 2018},
  publisher = {{ACM}},
  year      = {2018},
  url       = {https://doi.org/10.1145/3173574},
  doi       = {10.1145/3173574},
  timestamp = {Wed, 21 Nov 2018 12:44:22 +0100},
  biburl    = {https://dblp.org/rec/bib/conf/chi/2018},
  bibsource = {dblp computer science bibliography, https://dblp.org}
}

@proceedings{DBLP:conf/dev/2018,
  editor    = {Ellen W. Zegura},
  title     = {Proceedings of the 1st {ACM} {SIGCAS} Conference on Computing and
               Sustainable Societies, {COMPASS} 2018, Menlo Park and San Jose, CA,
               USA, June 20-22, 2018},
  publisher = {{ACM}},
  year      = {2018},
  url       = {https://doi.org/10.1145/3209811},
  doi       = {10.1145/3209811},
  timestamp = {Wed, 21 Nov 2018 12:44:24 +0100},
  biburl    = {https://dblp.org/rec/bib/conf/dev/2018},
  bibsource = {dblp computer science bibliography, https://dblp.org}
}

@proceedings{DBLP:conf/eics/2018,
  title     = {Proceedings of the {ACM} {SIGCHI} Symposium on Engineering Interactive
               Computing Systems, {EICS} 2018, Paris, France, June 19-22, 2018},
  publisher = {{ACM}},
  year      = {2018},
  url       = {https://doi.org/10.1145/3220134},
  doi       = {10.1145/3220134},
  timestamp = {Wed, 21 Nov 2018 12:44:12 +0100},
  biburl    = {https://dblp.org/rec/bib/conf/eics/2018},
  bibsource = {dblp computer science bibliography, https://dblp.org}
}

@proceedings{DBLP:conf/uist/2018,
  editor    = {Patrick Baudisch and
               Albrecht Schmidt and
               Andy Wilson},
  title     = {The 31st Annual {ACM} Symposium on User Interface Software and Technology,
               {UIST} 2018, Berlin, Germany, October 14-17, 2018},
  publisher = {{ACM}},
  year      = {2018},
  url       = {http://dl.acm.org/citation.cfm?id=3242587},
  isbn      = {978-1-4503-5948-1},
  timestamp = {Sun, 14 Oct 2018 16:22:50 +0200},
  biburl    = {https://dblp.org/rec/bib/conf/uist/2018},
  bibsource = {dblp computer science bibliography, https://dblp.org}
}

@proceedings{DBLP:conf/ACMdis/2017,
  editor    = {Oli Mival and
               Michael Smyth and
               Peter Dalsgaard},
  title     = {Proceedings of the 2017 Conference on Designing Interactive Systems,
               {DIS} '17, Edinburgh, United Kingdom, June 10-14, 2017},
  publisher = {{ACM}},
  year      = {2017},
  url       = {https://doi.org/10.1145/3064663},
  doi       = {10.1145/3064663},
  isbn      = {978-1-4503-4922-2},
  timestamp = {Tue, 06 Nov 2018 16:58:03 +0100},
  biburl    = {https://dblp.org/rec/bib/conf/ACMdis/2017},
  bibsource = {dblp computer science bibliography, https://dblp.org}
}

@proceedings{DBLP:conf/chi/2017,
  editor    = {Gloria Mark and
               Susan R. Fussell and
               Cliff Lampe and
               m. c. schraefel and
               Juan Pablo Hourcade and
               Caroline Appert and
               Daniel Wigdor},
  title     = {Proceedings of the 2017 {CHI} Conference on Human Factors in Computing
               Systems, Denver, CO, USA, May 06-11, 2017},
  publisher = {{ACM}},
  year      = {2017},
  url       = {https://doi.org/10.1145/3025453},
  doi       = {10.1145/3025453},
  isbn      = {978-1-4503-4655-9},
  timestamp = {Tue, 06 Nov 2018 16:58:42 +0100},
  biburl    = {https://dblp.org/rec/bib/conf/chi/2017},
  bibsource = {dblp computer science bibliography, https://dblp.org}
}

@proceedings{DBLP:conf/aaai/2016grid,
  editor    = {Enrico Pontelli and
               Alex Rogers and
               Sylvie Thi{\'{e}}baux and
               Tran Cao Son},
  title     = {{AI} for Smart Grids and Smart Buildings, Papers from the 2016 {AAAI}
               Workshop, Phoenix, Arizona, USA, February 12, 2016},
  series    = {{AAAI} Workshops},
  volume    = {{WS-16-04}},
  publisher = {{AAAI} Press},
  year      = {2016},
  url       = {http://www.aaai.org/Library/Workshops/ws16-04.php},
  timestamp = {Wed, 05 Apr 2017 12:53:50 +0200},
  biburl    = {https://dblp.org/rec/bib/conf/aaai/2016grid},
  bibsource = {dblp computer science bibliography, https://dblp.org}
}

@proceedings{DBLP:conf/assets/2016,
  editor    = {Jinjuan Heidi Feng and
               Matt Huenerfauth},
  title     = {Proceedings of the 18th International {ACM} {SIGACCESS} Conference
               on Computers and Accessibility, {ASSETS} 2016, Reno, NV, USA, October
               23-26, 2016},
  publisher = {{ACM}},
  year      = {2016},
  url       = {https://doi.org/10.1145/2982142},
  doi       = {10.1145/2982142},
  isbn      = {978-1-4503-4124-0},
  timestamp = {Tue, 06 Nov 2018 16:57:27 +0100},
  biburl    = {https://dblp.org/rec/bib/conf/assets/2016},
  bibsource = {dblp computer science bibliography, https://dblp.org}
}

@proceedings{DBLP:conf/chi/2016,
  editor    = {Jofish Kaye and
               Allison Druin and
               Cliff Lampe and
               Dan Morris and
               Juan Pablo Hourcade},
  title     = {Proceedings of the 2016 {CHI} Conference on Human Factors in Computing
               Systems, San Jose, CA, USA, May 7-12, 2016},
  publisher = {{ACM}},
  year      = {2016},
  url       = {http://dl.acm.org/citation.cfm?id=2858036},
  isbn      = {978-1-4503-3362-7},
  timestamp = {Sun, 08 May 2016 11:21:03 +0200},
  biburl    = {https://dblp.org/rec/bib/conf/chi/2016},
  bibsource = {dblp computer science bibliography, https://dblp.org}
}

@proceedings{DBLP:conf/chi/2016a,
  editor    = {Jofish Kaye and
               Allison Druin and
               Cliff Lampe and
               Dan Morris and
               Juan Pablo Hourcade},
  title     = {Proceedings of the 2016 {CHI} Conference on Human Factors in Computing
               Systems, San Jose, CA, USA, May 7-12, 2016, Extended Abstracts},
  publisher = {{ACM}},
  year      = {2016},
  url       = {http://dl.acm.org/citation.cfm?id=2851581},
  isbn      = {978-1-4503-4082-3},
  timestamp = {Mon, 09 May 2016 07:48:28 +0200},
  biburl    = {https://dblp.org/rec/bib/conf/chi/2016a},
  bibsource = {dblp computer science bibliography, https://dblp.org}
}

@proceedings{DBLP:conf/graphicsinterface/2016,
  editor    = {Tiberiu Popa and
               Karyn Moffatt},
  title     = {Proceedings of the 42nd Graphics Interface Conference, Victoria, BC,
               Canada, 1-3 June 2016},
  publisher = {{ACM}},
  year      = {2016},
  url       = {http://dl.acm.org/citation.cfm?id=3076132},
  isbn      = {978-0-9947868-1-4},
  timestamp = {Thu, 20 Apr 2017 21:40:01 +0200},
  biburl    = {https://dblp.org/rec/bib/conf/graphicsinterface/2016},
  bibsource = {dblp computer science bibliography, https://dblp.org}
}

@proceedings{DBLP:conf/huc/2016,
  editor    = {Paul Lukowicz and
               Antonio Kr{\"{u}}ger and
               Andreas Bulling and
               Youn{-}Kyung Lim and
               Shwetak N. Patel},
  title     = {Proceedings of the 2016 {ACM} International Joint Conference on Pervasive
               and Ubiquitous Computing, UbiComp 2016, Heidelberg, Germany, September
               12-16, 2016},
  publisher = {{ACM}},
  year      = {2016},
  url       = {http://dl.acm.org/citation.cfm?id=2971648},
  isbn      = {978-1-4503-4461-6},
  timestamp = {Tue, 13 Sep 2016 09:17:47 +0200},
  biburl    = {https://dblp.org/rec/bib/conf/huc/2016},
  bibsource = {dblp computer science bibliography, https://dblp.org}
}

@proceedings{DBLP:conf/uist/2016,
  editor    = {Jun Rekimoto and
               Takeo Igarashi and
               Jacob O. Wobbrock and
               Daniel Avrahami},
  title     = {Proceedings of the 29th Annual Symposium on User Interface Software
               and Technology, {UIST} 2016, Tokyo, Japan, October 16-19, 2016},
  publisher = {{ACM}},
  year      = {2016},
  url       = {https://doi.org/10.1145/2984511},
  doi       = {10.1145/2984511},
  isbn      = {978-1-4503-4189-9},
  timestamp = {Tue, 06 Nov 2018 16:58:07 +0100},
  biburl    = {https://dblp.org/rec/bib/conf/uist/2016},
  bibsource = {dblp computer science bibliography, https://dblp.org}
}

@proceedings{DBLP:conf/chi/2015,
  editor    = {Bo Begole and
               Jinwoo Kim and
               Kori Inkpen and
               Woontack Woo},
  title     = {Proceedings of the 33rd Annual {ACM} Conference on Human Factors in
               Computing Systems, {CHI} 2015, Seoul, Republic of Korea, April 18-23,
               2015},
  publisher = {{ACM}},
  year      = {2015},
  url       = {http://dl.acm.org/citation.cfm?id=2702123},
  isbn      = {978-1-4503-3145-6},
  timestamp = {Sun, 19 Apr 2015 12:50:07 +0200},
  biburl    = {https://dblp.org/rec/bib/conf/chi/2015},
  bibsource = {dblp computer science bibliography, https://dblp.org}
}

@proceedings{DBLP:conf/siggraph/2015posters,
  title     = {Special Interest Group on Computer Graphics and Interactive Techniques
               Conference, {SIGGRAPH} '15, Los Angeles, CA, USA, August 9-13, 2015,
               Posters Proceedings},
  publisher = {{ACM}},
  year      = {2015},
  url       = {http://dl.acm.org/citation.cfm?id=2787626},
  isbn      = {978-1-4503-3632-1},
  timestamp = {Thu, 30 Jul 2015 09:58:05 +0200},
  biburl    = {https://dblp.org/rec/bib/conf/siggraph/2015posters},
  bibsource = {dblp computer science bibliography, https://dblp.org}
}

@proceedings{DBLP:conf/uist/2015,
  editor    = {Celine Latulipe and
               Bjoern Hartmann and
               Tovi Grossman},
  title     = {Proceedings of the 28th Annual {ACM} Symposium on User Interface Software
               {\&} Technology, {UIST} 2015, Charlotte, NC, USA, November 8-11, 2015},
  publisher = {{ACM}},
  year      = {2015},
  url       = {http://dl.acm.org/citation.cfm?id=2807442},
  isbn      = {978-1-4503-3779-3},
  timestamp = {Tue, 10 Nov 2015 13:43:54 +0100},
  biburl    = {https://dblp.org/rec/bib/conf/uist/2015},
  bibsource = {dblp computer science bibliography, https://dblp.org}
}

@proceedings{DBLP:conf/chi/2014a,
  editor    = {Matt Jones and
               Philippe A. Palanque and
               Albrecht Schmidt and
               Tovi Grossman},
  title     = {{CHI} Conference on Human Factors in Computing Systems, CHI'14, Toronto,
               ON, Canada - April 26 - May 01, 2014, Extended Abstracts},
  publisher = {{ACM}},
  year      = {2014},
  url       = {http://dl.acm.org/citation.cfm?id=2559206},
  isbn      = {978-1-4503-2474-8},
  timestamp = {Wed, 14 Feb 2018 13:29:26 +0100},
  biburl    = {https://dblp.org/rec/bib/conf/chi/2014a},
  bibsource = {dblp computer science bibliography, https://dblp.org}
}

@proceedings{DBLP:conf/chi/2014,
  editor    = {Matt Jones and
               Philippe A. Palanque and
               Albrecht Schmidt and
               Tovi Grossman},
  title     = {{CHI} Conference on Human Factors in Computing Systems, CHI'14, Toronto,
               ON, Canada - April 26 - May 01, 2014},
  publisher = {{ACM}},
  year      = {2014},
  url       = {http://dl.acm.org/citation.cfm?id=2556288},
  isbn      = {978-1-4503-2473-1},
  timestamp = {Wed, 14 Feb 2018 13:29:26 +0100},
  biburl    = {https://dblp.org/rec/bib/conf/chi/2014},
  bibsource = {dblp computer science bibliography, https://dblp.org}
}

@proceedings{DBLP:conf/cscw/2014,
  editor    = {Susan R. Fussell and
               Wayne G. Lutters and
               Meredith Ringel Morris and
               Madhu Reddy},
  title     = {Computer Supported Cooperative Work, {CSCW} '14, Baltimore, MD, USA,
               February 15-19, 2014},
  publisher = {{ACM}},
  year      = {2014},
  url       = {http://dl.acm.org/citation.cfm?id=2531602},
  isbn      = {978-1-4503-2540-0},
  timestamp = {Wed, 29 Mar 2017 16:45:22 +0200},
  biburl    = {https://dblp.org/rec/bib/conf/cscw/2014},
  bibsource = {dblp computer science bibliography, https://dblp.org}
}

@proceedings{DBLP:conf/huc/2014,
  editor    = {A. J. Brush and
               Adrian Friday and
               Julie A. Kientz and
               James Scott and
               Junehwa Song},
  title     = {The 2014 {ACM} Conference on Ubiquitous Computing, UbiComp '14, Seattle,
               WA, USA, September 13-17, 2014},
  publisher = {{ACM}},
  year      = {2014},
  url       = {http://dl.acm.org/citation.cfm?id=2632048},
  isbn      = {978-1-4503-2968-2},
  timestamp = {Wed, 29 Mar 2017 16:45:25 +0200},
  biburl    = {https://dblp.org/rec/bib/conf/huc/2014},
  bibsource = {dblp computer science bibliography, https://dblp.org}
}

@proceedings{DBLP:conf/ict4s/2014,
  title     = {{ICT} for Sustainability 2014 (ICT4S-14), Stockholm, Sweden, August
               25, 2014},
  publisher = {Atlantis Press},
  year      = {2014},
  url       = {http://www.atlantis-press.com/php/pub.php?publication=ict4s-14},
  isbn      = {978-94-62520-22-6},
  timestamp = {Fri, 19 Sep 2014 14:14:50 +0200},
  biburl    = {https://dblp.org/rec/bib/conf/ict4s/2014},
  bibsource = {dblp computer science bibliography, https://dblp.org}
}

@proceedings{DBLP:conf/mhci/2014,
  editor    = {Aaron J. Quigley and
               Sara Diamond and
               Pourang Irani and
               Sriram Subramanian},
  title     = {Proceedings of the 16th international conference on Human-computer
               interaction with mobile devices {\&} services, MobileHCI 2014, Toronto,
               ON, Canada, September 23-26, 2014},
  publisher = {{ACM}},
  year      = {2014},
  url       = {http://dl.acm.org/citation.cfm?id=2628363},
  isbn      = {978-1-4503-3004-6},
  timestamp = {Thu, 29 Jan 2015 18:19:31 +0100},
  biburl    = {https://dblp.org/rec/bib/conf/mhci/2014},
  bibsource = {dblp computer science bibliography, https://dblp.org}
}

@proceedings{DBLP:conf/ph/2014,
  editor    = {Andreas Hein and
               Susanne Boll and
               Friedrich K{\"{o}}hler},
  title     = {Proceedings of the 8th International Conference on Pervasive Computing
               Technologies for Healthcare, PervasiveHealth 2014, Oldenburg, Germany,
               May 20-23, 2014},
  publisher = {{ICST}},
  year      = {2014},
  url       = {http://eudl.eu/proceedings/PERVASIVEHEALTH/2014},
  isbn      = {978-1-63190-011-2},
  timestamp = {Thu, 29 Jan 2015 17:28:43 +0100},
  biburl    = {https://dblp.org/rec/bib/conf/ph/2014},
  bibsource = {dblp computer science bibliography, https://dblp.org}
}

@proceedings{DBLP:conf/uist/2014,
  editor    = {Hrvoje Benko and
               Mira Dontcheva and
               Daniel Wigdor},
  title     = {The 27th Annual {ACM} Symposium on User Interface Software and Technology,
               {UIST} '14, Honolulu, HI, USA, October 5-8, 2014},
  publisher = {{ACM}},
  year      = {2014},
  url       = {http://dl.acm.org/citation.cfm?id=2642918},
  isbn      = {978-1-4503-3069-5},
  timestamp = {Wed, 01 Oct 2014 15:06:05 +0200},
  biburl    = {https://dblp.org/rec/bib/conf/uist/2014},
  bibsource = {dblp computer science bibliography, https://dblp.org}
}

@book{DBLP:books/sp/OK2014,
  editor    = {Judith S. Olson and
               Wendy A. Kellogg},
  title     = {Ways of Knowing in {HCI}},
  publisher = {Springer},
  year      = {2014},
  url       = {https://doi.org/10.1007/978-1-4939-0378-8},
  doi       = {10.1007/978-1-4939-0378-8},
  isbn      = {978-1-4939-0377-1},
  timestamp = {Tue, 16 May 2017 14:01:43 +0200},
  biburl    = {https://dblp.org/rec/bib/books/sp/OK2014},
  bibsource = {dblp computer science bibliography, https://dblp.org}
}

@proceedings{DBLP:conf/assets/2013,
  title     = {The 15th International {ACM} {SIGACCESS} Conference on Computers and
               Accessibility, {ASSETS} '13, Bellevue, WA, USA, October 21-23, 2013},
  publisher = {{ACM}},
  year      = {2013},
  url       = {http://dl.acm.org/citation.cfm?id=2513383},
  isbn      = {978-1-4503-2405-2},
  timestamp = {Thu, 17 Oct 2013 15:12:11 +0200},
  biburl    = {https://dblp.org/rec/bib/conf/assets/2013},
  bibsource = {dblp computer science bibliography, https://dblp.org}
}

@proceedings{DBLP:conf/chi/2013,
  editor    = {Wendy E. Mackay and
               Stephen A. Brewster and
               Susanne B{\o}dker},
  title     = {2013 {ACM} {SIGCHI} Conference on Human Factors in Computing Systems,
               {CHI} '13, Paris, France, April 27 - May 2, 2013},
  publisher = {{ACM}},
  year      = {2013},
  url       = {http://dl.acm.org/citation.cfm?id=2470654},
  isbn      = {978-1-4503-1899-0},
  timestamp = {Fri, 03 May 2013 13:46:20 +0200},
  biburl    = {https://dblp.org/rec/bib/conf/chi/2013},
  bibsource = {dblp computer science bibliography, https://dblp.org}
}

@proceedings{DBLP:conf/cscw/2013,
  editor    = {Amy Bruckman and
               Scott Counts and
               Cliff Lampe and
               Loren G. Terveen},
  title     = {Computer Supported Cooperative Work, {CSCW} 2013, San Antonio, TX,
               USA, February 23-27, 2013},
  publisher = {{ACM}},
  year      = {2013},
  url       = {http://dl.acm.org/citation.cfm?id=2441776},
  isbn      = {978-1-4503-1331-5},
  timestamp = {Sun, 24 Feb 2013 12:16:57 +0100},
  biburl    = {https://dblp.org/rec/bib/conf/cscw/2013},
  bibsource = {dblp computer science bibliography, https://dblp.org}
}

@proceedings{DBLP:conf/huc/2013,
  editor    = {Friedemann Mattern and
               Silvia Santini and
               John F. Canny and
               Marc Langheinrich and
               Jun Rekimoto},
  title     = {The 2013 {ACM} International Joint Conference on Pervasive and Ubiquitous
               Computing, UbiComp '13, Zurich, Switzerland, September 8-12, 2013},
  publisher = {{ACM}},
  year      = {2013},
  url       = {http://dl.acm.org/citation.cfm?id=2493432},
  isbn      = {978-1-4503-1770-2},
  timestamp = {Sun, 08 Sep 2013 12:34:11 +0200},
  biburl    = {https://dblp.org/rec/bib/conf/huc/2013},
  bibsource = {dblp computer science bibliography, https://dblp.org}
}

@proceedings{DBLP:conf/chi/2012,
  editor    = {Joseph A. Konstan and
               Ed H. Chi and
               Kristina H{\"{o}}{\"{o}}k},
  title     = {{CHI} Conference on Human Factors in Computing Systems, {CHI} '12,
               Austin, TX, {USA} - May 05 - 10, 2012},
  publisher = {{ACM}},
  year      = {2012},
  url       = {http://dl.acm.org/citation.cfm?id=2207676},
  isbn      = {978-1-4503-1015-4},
  timestamp = {Mon, 07 May 2012 08:05:21 +0200},
  biburl    = {https://dblp.org/rec/bib/conf/chi/2012},
  bibsource = {dblp computer science bibliography, https://dblp.org}
}

@proceedings{DBLP:conf/chi/2011,
  editor    = {Desney S. Tan and
               Saleema Amershi and
               Bo Begole and
               Wendy A. Kellogg and
               Manas Tungare},
  title     = {Proceedings of the International Conference on Human Factors in Computing
               Systems, {CHI} 2011, Vancouver, BC, Canada, May 7-12, 2011},
  publisher = {{ACM}},
  year      = {2011},
  isbn      = {978-1-4503-0228-9},
  timestamp = {Wed, 11 May 2011 08:48:32 +0200},
  biburl    = {https://dblp.org/rec/bib/conf/chi/2011},
  bibsource = {dblp computer science bibliography, https://dblp.org}
}

@proceedings{DBLP:conf/uist/2011,
  editor    = {Jeffrey S. Pierce and
               Maneesh Agrawala and
               Scott R. Klemmer},
  title     = {Proceedings of the 24th Annual {ACM} Symposium on User Interface Software
               and Technology, Santa Barbara, CA, USA, October 16-19, 2011},
  publisher = {{ACM}},
  year      = {2011},
  url       = {https://doi.org/10.1145/2047196},
  doi       = {10.1145/2047196},
  isbn      = {978-1-4503-0716-1},
  timestamp = {Tue, 06 Nov 2018 16:58:07 +0100},
  biburl    = {https://dblp.org/rec/bib/conf/uist/2011},
  bibsource = {dblp computer science bibliography, https://dblp.org}
}

@proceedings{DBLP:conf/assets/2010,
  editor    = {Armando Barreto and
               Vicki L. Hanson},
  title     = {Proceedings of the 12th International {ACM} {SIGACCESS} Conference
               on Computers and Accessibility, {ASSETS} 2010, Orlando, FL, USA, October
               25 - 27, 2010},
  publisher = {{ACM}},
  year      = {2010},
  isbn      = {978-1-60558-881-0},
  timestamp = {Mon, 22 Nov 2010 21:34:09 +0100},
  biburl    = {https://dblp.org/rec/bib/conf/assets/2010},
  bibsource = {dblp computer science bibliography, https://dblp.org}
}

@proceedings{DBLP:conf/chi/2010,
  editor    = {Elizabeth D. Mynatt and
               Don Schoner and
               Geraldine Fitzpatrick and
               Scott E. Hudson and
               W. Keith Edwards and
               Tom Rodden},
  title     = {Proceedings of the 28th International Conference on Human Factors
               in Computing Systems, {CHI} 2010, Atlanta, Georgia, USA, April 10-15,
               2010},
  publisher = {{ACM}},
  year      = {2010},
  isbn      = {978-1-60558-929-9},
  timestamp = {Tue, 25 Jan 2011 15:47:54 +0100},
  biburl    = {https://dblp.org/rec/bib/conf/chi/2010},
  bibsource = {dblp computer science bibliography, https://dblp.org}
}

@proceedings{DBLP:conf/hicss/2010,
  title     = {43rd Hawaii International International Conference on Systems Science
               {(HICSS-43} 2010), Proceedings, 5-8 January 2010, Koloa, Kauai, HI,
               {USA}},
  publisher = {{IEEE} Computer Society},
  year      = {2010},
  url       = {http://ieeexplore.ieee.org/xpl/mostRecentIssue.jsp?punumber=5428222},
  isbn      = {978-0-7695-3869-3},
  timestamp = {Wed, 23 Jul 2014 20:34:23 +0200},
  biburl    = {https://dblp.org/rec/bib/conf/hicss/2010},
  bibsource = {dblp computer science bibliography, https://dblp.org}
}

@proceedings{DBLP:conf/huc/2010,
  editor    = {Jakob E. Bardram and
               Marc Langheinrich and
               Khai N. Truong and
               Paddy Nixon},
  title     = {UbiComp 2010: Ubiquitous Computing, 12th International Conference,
               UbiComp 2010, Copenhagen, Denmark, September 26-29, 2010, Proceedings},
  series    = {{ACM} International Conference Proceeding Series},
  publisher = {{ACM}},
  year      = {2010},
  isbn      = {978-1-60558-843-8},
  timestamp = {Fri, 18 Nov 2011 19:45:25 +0100},
  biburl    = {https://dblp.org/rec/bib/conf/huc/2010},
  bibsource = {dblp computer science bibliography, https://dblp.org}
}

@proceedings{DBLP:conf/icwsm/2010,
  editor    = {William W. Cohen and
               Samuel Gosling},
  title     = {Proceedings of the Fourth International Conference on Weblogs and
               Social Media, {ICWSM} 2010, Washington, DC, USA, May 23-26, 2010},
  publisher = {The {AAAI} Press},
  year      = {2010},
  timestamp = {Wed, 01 Sep 2010 13:09:22 +0200},
  biburl    = {https://dblp.org/rec/bib/conf/icwsm/2010},
  bibsource = {dblp computer science bibliography, https://dblp.org}
}

@proceedings{DBLP:conf/iui/2010,
  editor    = {Charles Rich and
               Qiang Yang and
               Marc Cavazza and
               Michelle X. Zhou},
  title     = {Proceedings of the 15th International Conference on Intelligent User
               Interfaces, {IUI} 2010, Hong Kong, China, February 7-10, 2010},
  publisher = {{ACM}},
  year      = {2010},
  url       = {https://doi.org/10.1145/1719970},
  doi       = {10.1145/1719970},
  isbn      = {978-1-60558-515-4},
  timestamp = {Tue, 06 Nov 2018 11:07:41 +0100},
  biburl    = {https://dblp.org/rec/bib/conf/iui/2010},
  bibsource = {dblp computer science bibliography, https://dblp.org}
}

@proceedings{DBLP:conf/uist/2010,
  editor    = {Ken Perlin and
               Mary Czerwinski and
               Rob Miller},
  title     = {Proceedings of the 23rd Annual {ACM} Symposium on User Interface Software
               and Technology, New York, NY, USA, October 3-6, 2010},
  publisher = {{ACM}},
  year      = {2010},
  url       = {https://doi.org/10.1145/1866029},
  doi       = {10.1145/1866029},
  isbn      = {978-1-4503-0271-5},
  timestamp = {Tue, 06 Nov 2018 16:58:07 +0100},
  biburl    = {https://dblp.org/rec/bib/conf/uist/2010},
  bibsource = {dblp computer science bibliography, https://dblp.org}
}

@proceedings{DBLP:conf/assets/2009,
  editor    = {Shari Trewin and
               Kathleen F. McCoy},
  title     = {Proceedings of the 11th International {ACM} {SIGACCESS} Conference
               on Computers and Accessibility, {ASSETS} 2009, Pittsburgh, Pennsylvania,
               USA, October 25-28, 2009},
  publisher = {{ACM}},
  year      = {2009},
  isbn      = {978-1-60558-558-1},
  timestamp = {Fri, 30 Oct 2009 15:00:28 +0100},
  biburl    = {https://dblp.org/rec/bib/conf/assets/2009},
  bibsource = {dblp computer science bibliography, https://dblp.org}
}

@proceedings{DBLP:conf/chi/2009,
  editor    = {Dan R. Olsen Jr. and
               Richard B. Arthur and
               Ken Hinckley and
               Meredith Ringel Morris and
               Scott E. Hudson and
               Saul Greenberg},
  title     = {Proceedings of the 27th International Conference on Human Factors
               in Computing Systems, {CHI} 2009, Boston, MA, USA, April 4-9, 2009},
  publisher = {{ACM}},
  year      = {2009},
  isbn      = {978-1-60558-246-7},
  timestamp = {Mon, 26 Feb 2018 13:34:28 +0100},
  biburl    = {https://dblp.org/rec/bib/conf/chi/2009},
  bibsource = {dblp computer science bibliography, https://dblp.org}
}

@proceedings{DBLP:conf/chi/2009a,
  editor    = {Dan R. Olsen Jr. and
               Richard B. Arthur and
               Ken Hinckley and
               Meredith Ringel Morris and
               Scott E. Hudson and
               Saul Greenberg},
  title     = {Proceedings of the 27th International Conference on Human Factors
               in Computing Systems, {CHI} 2009, Extended Abstracts Volume, Boston,
               MA, USA, April 4-9, 2009},
  publisher = {{ACM}},
  year      = {2009},
  isbn      = {978-1-60558-247-4},
  timestamp = {Mon, 26 Feb 2018 13:34:28 +0100},
  biburl    = {https://dblp.org/rec/bib/conf/chi/2009a},
  bibsource = {dblp computer science bibliography, https://dblp.org}
}

@proceedings{DBLP:conf/huc/2009,
  editor    = {Sumi Helal and
               Hans Gellersen and
               Sunny Consolvo},
  title     = {UbiComp 2009: Ubiquitous Computing, 11th International Conference,
               UbiComp 2009, Orlando, Florida, USA, September 30 - October 3, 2009,
               Proceedings},
  series    = {{ACM} International Conference Proceeding Series},
  publisher = {{ACM}},
  year      = {2009},
  isbn      = {978-1-60558-431-7},
  timestamp = {Thu, 01 Oct 2009 09:12:20 +0200},
  biburl    = {https://dblp.org/rec/bib/conf/huc/2009},
  bibsource = {dblp computer science bibliography, https://dblp.org}
}

@book{DBLP:series/hci/MarkopoulosRM09,
  editor    = {Panos Markopoulos and
               Boris E. R. de Ruyter and
               Wendy E. Mackay},
  title     = {Awareness Systems - Advances in Theory, Methodology and Design},
  series    = {Human-Computer Interaction Series},
  publisher = {Springer},
  year      = {2009},
  url       = {https://doi.org/10.1007/978-1-84882-477-5},
  doi       = {10.1007/978-1-84882-477-5},
  isbn      = {978-1-84882-476-8},
  timestamp = {Tue, 16 May 2017 14:24:24 +0200},
  biburl    = {https://dblp.org/rec/bib/series/hci/MarkopoulosRM09},
  bibsource = {dblp computer science bibliography, https://dblp.org}
}

@proceedings{DBLP:conf/assets/2008,
  editor    = {Simon Harper and
               Armando Barreto},
  title     = {Proceedings of the 10th International {ACM} {SIGACCESS} Conference
               on Computers and Accessibility, {ASSETS} 2008, Halifax, Nova Scotia,
               Canada, October 13-15, 2008},
  publisher = {{ACM}},
  year      = {2008},
  isbn      = {978-1-59593-976-0},
  timestamp = {Thu, 23 Oct 2008 15:11:53 +0200},
  biburl    = {https://dblp.org/rec/bib/conf/assets/2008},
  bibsource = {dblp computer science bibliography, https://dblp.org}
}

@proceedings{DBLP:conf/iui/2008,
  editor    = {Jeffrey M. Bradshaw and
               Henry Lieberman and
               Steffen Staab},
  title     = {Proceedings of the 13th International Conference on Intelligent User
               Interfaces, {IUI} 2008, Gran Canaria, Canary Islands, Spain, January
               13-16, 2008},
  publisher = {{ACM}},
  year      = {2008},
  url       = {https://doi.org/10.1145/1378773},
  doi       = {10.1145/1378773},
  isbn      = {978-1-59593-987-6},
  timestamp = {Tue, 06 Nov 2018 11:07:41 +0100},
  biburl    = {https://dblp.org/rec/bib/conf/iui/2008},
  bibsource = {dblp computer science bibliography, https://dblp.org}
}

@proceedings{DBLP:conf/chi/2007,
  editor    = {Mary Beth Rosson and
               David J. Gilmore},
  title     = {Proceedings of the 2007 Conference on Human Factors in Computing Systems,
               {CHI} 2007, San Jose, California, USA, April 28 - May 3, 2007},
  publisher = {{ACM}},
  year      = {2007},
  isbn      = {978-1-59593-593-9},
  timestamp = {Wed, 02 May 2007 09:12:42 +0200},
  biburl    = {https://dblp.org/rec/bib/conf/chi/2007},
  bibsource = {dblp computer science bibliography, https://dblp.org}
}

@proceedings{DBLP:conf/chi/2007a,
  editor    = {Mary Beth Rosson and
               David J. Gilmore},
  title     = {Extended Abstracts Proceedings of the 2007 Conference on Human Factors
               in Computing Systems, {CHI} 2007, San Jose, California, USA, April
               28 - May 3, 2007},
  publisher = {{ACM}},
  year      = {2007},
  isbn      = {978-1-59593-642-4},
  timestamp = {Wed, 02 May 2007 09:17:48 +0200},
  biburl    = {https://dblp.org/rec/bib/conf/chi/2007a},
  bibsource = {dblp computer science bibliography, https://dblp.org}
}

@proceedings{DBLP:conf/hicss/2007,
  title     = {40th Hawaii International International Conference on Systems Science
               {(HICSS-40} 2007), {CD-ROM} / Abstracts Proceedings, 3-6 January 2007,
               Waikoloa, Big Island, HI, {USA}},
  publisher = {{IEEE} Computer Society},
  year      = {2007},
  url       = {http://ieeexplore.ieee.org/xpl/mostRecentIssue.jsp?punumber=4076361},
  isbn      = {0-7695-2755-8},
  timestamp = {Thu, 23 Jun 2016 15:53:28 +0200},
  biburl    = {https://dblp.org/rec/bib/conf/hicss/2007},
  bibsource = {dblp computer science bibliography, https://dblp.org}
}

@proceedings{DBLP:conf/siggraph/2007courses,
  editor    = {Sara McMains and
               Peter{-}Pike Sloan},
  title     = {34. International Conference on Computer Graphics and Interactive
               Techniques, {SIGGRAPH} 2007, San Diego, California, USA, August 5-9,
               2007, Courses},
  publisher = {{ACM}},
  year      = {2007},
  url       = {https://doi.org/10.1145/1281500},
  doi       = {10.1145/1281500},
  isbn      = {978-1-4503-1823-5},
  timestamp = {Tue, 06 Nov 2018 16:59:16 +0100},
  biburl    = {https://dblp.org/rec/bib/conf/siggraph/2007courses},
  bibsource = {dblp computer science bibliography, https://dblp.org}
}

@proceedings{DBLP:conf/uist/2007,
  editor    = {Chia Shen and
               Robert J. K. Jacob and
               Ravin Balakrishnan},
  title     = {Proceedings of the 20th Annual {ACM} Symposium on User Interface Software
               and Technology, Newport, Rhode Island, USA, October 7-10, 2007},
  publisher = {{ACM}},
  year      = {2007},
  url       = {https://doi.org/10.1145/1294211},
  doi       = {10.1145/1294211},
  isbn      = {978-1-59593-679-0},
  timestamp = {Tue, 06 Nov 2018 16:58:06 +0100},
  biburl    = {https://dblp.org/rec/bib/conf/uist/2007},
  bibsource = {dblp computer science bibliography, https://dblp.org}
}

@proceedings{DBLP:conf/assets/2006,
  editor    = {Simeon Keates and
               Simon Harper},
  title     = {Proceedings of the 8th International {ACM} {SIGACCESS} Conference
               on Computers and Accessibility, {ASSETS} 2006, Portland, Oregon, USA,
               October 23-25, 2006},
  publisher = {{ACM}},
  year      = {2006},
  isbn      = {1-59593-290-9},
  timestamp = {Mon, 05 Feb 2007 12:35:21 +0100},
  biburl    = {https://dblp.org/rec/bib/conf/assets/2006},
  bibsource = {dblp computer science bibliography, https://dblp.org}
}

@proceedings{DBLP:conf/chi/2006a,
  editor    = {Gary M. Olson and
               Robin Jeffries},
  title     = {Extended Abstracts Proceedings of the 2006 Conference on Human Factors
               in Computing Systems, {CHI} 2006, Montr{\'{e}}al, Qu{\'{e}}bec, Canada,
               April 22-27, 2006},
  publisher = {{ACM}},
  year      = {2006},
  timestamp = {Wed, 27 Sep 2006 15:56:47 +0200},
  biburl    = {https://dblp.org/rec/bib/conf/chi/2006a},
  bibsource = {dblp computer science bibliography, https://dblp.org}
}

@proceedings{DBLP:conf/huc/2006,
  editor    = {Paul Dourish and
               Adrian Friday},
  title     = {UbiComp 2006: Ubiquitous Computing, 8th International Conference,
               UbiComp 2006, Orange County, CA, USA, September 17-21, 2006},
  series    = {Lecture Notes in Computer Science},
  volume    = {4206},
  publisher = {Springer},
  year      = {2006},
  url       = {https://doi.org/10.1007/11853565},
  doi       = {10.1007/11853565},
  isbn      = {3-540-39634-9},
  timestamp = {Tue, 14 May 2019 10:00:52 +0200},
  biburl    = {https://dblp.org/rec/bib/conf/huc/2006},
  bibsource = {dblp computer science bibliography, https://dblp.org}
}

@proceedings{DBLP:conf/siggraph/2006courses,
  editor    = {John W. Finnegan and
               Dave Shreiner},
  title     = {33. International Conference on Computer Graphics and Interactive
               Techniques, {SIGGRAPH} 2006, Boston, Massachusetts, USA, July 30 -
               August 3, 2006, Courses},
  publisher = {{ACM}},
  year      = {2006},
  url       = {https://doi.org/10.1145/1185657},
  doi       = {10.1145/1185657},
  timestamp = {Tue, 06 Nov 2018 16:59:18 +0100},
  biburl    = {https://dblp.org/rec/bib/conf/siggraph/2006courses},
  bibsource = {dblp computer science bibliography, https://dblp.org}
}

@proceedings{DBLP:conf/uist/2006,
  editor    = {Pierre Wellner and
               Ken Hinckley},
  title     = {Proceedings of the 19th Annual {ACM} Symposium on User Interface Software
               and Technology, Montreux, Switzerland, October 15-18, 2006},
  publisher = {{ACM}},
  year      = {2006},
  url       = {https://doi.org/10.1145/1166253},
  doi       = {10.1145/1166253},
  isbn      = {1-59593-313-1},
  timestamp = {Tue, 06 Nov 2018 16:58:07 +0100},
  biburl    = {https://dblp.org/rec/bib/conf/uist/2006},
  bibsource = {dblp computer science bibliography, https://dblp.org}
}

@proceedings{DBLP:conf/assets/2005,
  editor    = {Andrew Sears and
               Enrico Pontelli},
  title     = {Proceedings of the {ACM} {SIGACCESS} Conference on Computers and Accessibility,
               {ASSETS} 2005, Baltimore, MD, USA, October 9-12, 2005},
  publisher = {{ACM}},
  year      = {2005},
  isbn      = {1-59593-159-7},
  timestamp = {Tue, 03 Jan 2006 13:37:47 +0100},
  biburl    = {https://dblp.org/rec/bib/conf/assets/2005},
  bibsource = {dblp computer science bibliography, https://dblp.org}
}

@proceedings{DBLP:conf/chi/2005,
  editor    = {Gerrit C. van der Veer and
               Carolyn Gale},
  title     = {Proceedings of the 2005 Conference on Human Factors in Computing Systems,
               {CHI} 2005, Portland, Oregon, USA, April 2-7, 2005},
  publisher = {{ACM}},
  year      = {2005},
  isbn      = {1-58113-998-5},
  timestamp = {Fri, 03 Jun 2005 13:54:15 +0200},
  biburl    = {https://dblp.org/rec/bib/conf/chi/2005},
  bibsource = {dblp computer science bibliography, https://dblp.org}
}

@proceedings{DBLP:conf/chi/2005a,
  editor    = {Gerrit C. van der Veer and
               Carolyn Gale},
  title     = {Extended Abstracts Proceedings of the 2005 Conference on Human Factors
               in Computing Systems, {CHI} 2005, Portland, Oregon, USA, April 2-7,
               2005},
  publisher = {{ACM}},
  year      = {2005},
  isbn      = {1-59593-002-7},
  timestamp = {Fri, 03 Jun 2005 14:13:19 +0200},
  biburl    = {https://dblp.org/rec/bib/conf/chi/2005a},
  bibsource = {dblp computer science bibliography, https://dblp.org}
}

@proceedings{DBLP:conf/uist/2005,
  editor    = {Patrick Baudisch and
               Mary Czerwinski and
               Dan R. Olsen},
  title     = {Proceedings of the 18th Annual {ACM} Symposium on User Interface Software
               and Technology, Seattle, WA, USA, October 23-26, 2005},
  publisher = {{ACM}},
  year      = {2005},
  url       = {https://doi.org/10.1145/1095034},
  doi       = {10.1145/1095034},
  isbn      = {1-59593-271-2},
  timestamp = {Tue, 06 Nov 2018 16:58:06 +0100},
  biburl    = {https://dblp.org/rec/bib/conf/uist/2005},
  bibsource = {dblp computer science bibliography, https://dblp.org}
}

@proceedings{DBLP:conf/chi/2004,
  editor    = {Elizabeth Dykstra{-}Erickson and
               Manfred Tscheligi},
  title     = {Proceedings of the 2004 Conference on Human Factors in Computing Systems,
               {CHI} 2004, Vienna, Austria, April 24 - 29, 2004},
  publisher = {{ACM}},
  year      = {2004},
  isbn      = {1-58113-702-8},
  timestamp = {Mon, 24 May 2004 15:15:05 +0200},
  biburl    = {https://dblp.org/rec/bib/conf/chi/2004},
  bibsource = {dblp computer science bibliography, https://dblp.org}
}

@proceedings{DBLP:conf/uist/2004,
  editor    = {Steven Feiner and
               James A. Landay},
  title     = {Proceedings of the 17th Annual {ACM} Symposium on User Interface Software
               and Technology, Santa Fe, NM, USA, October 24-27, 2004},
  publisher = {{ACM}},
  year      = {2004},
  url       = {https://doi.org/10.1145/1029632},
  doi       = {10.1145/1029632},
  isbn      = {1-58113-957-8},
  timestamp = {Tue, 06 Nov 2018 16:58:06 +0100},
  biburl    = {https://dblp.org/rec/bib/conf/uist/2004},
  bibsource = {dblp computer science bibliography, https://dblp.org}
}

@proceedings{DBLP:conf/chi/2003,
  editor    = {Gilbert Cockton and
               Panu Korhonen},
  title     = {Proceedings of the 2003 Conference on Human Factors in Computing Systems,
               {CHI} 2003, Ft. Lauderdale, Florida, USA, April 5-10, 2003},
  publisher = {{ACM}},
  year      = {2003},
  isbn      = {1-58113-630-7},
  timestamp = {Tue, 25 May 2004 15:24:00 +0200},
  biburl    = {https://dblp.org/rec/bib/conf/chi/2003},
  bibsource = {dblp computer science bibliography, https://dblp.org}
}

@proceedings{DBLP:conf/chi/2003a,
  editor    = {Gilbert Cockton and
               Panu Korhonen},
  title     = {Extended abstracts of the 2003 Conference on Human Factors in Computing
               Systems, {CHI} 2003, Ft. Lauderdale, Florida, USA, April 5-10, 2003},
  publisher = {{ACM}},
  year      = {2003},
  isbn      = {1-58113-637-4},
  timestamp = {Mon, 24 May 2004 15:39:50 +0200},
  biburl    = {https://dblp.org/rec/bib/conf/chi/2003a},
  bibsource = {dblp computer science bibliography, https://dblp.org}
}

@proceedings{DBLP:conf/assets/2002,
  editor    = {Vicki L. Hanson and
               Julie A. Jacko},
  title     = {Proceedings of the {ACM} Conference on Assistive Technologies, {ASSETS}
               2002, Edinburgh, Scotland, UK, July 8-10, 2002},
  publisher = {{ACM}},
  year      = {2002},
  isbn      = {1-58113-464-9},
  timestamp = {Tue, 30 Nov 2004 15:22:42 +0100},
  biburl    = {https://dblp.org/rec/bib/conf/assets/2002},
  bibsource = {dblp computer science bibliography, https://dblp.org}
}

@proceedings{DBLP:conf/huc/2002,
  editor    = {Gaetano Borriello and
               Lars Erik Holmquist},
  title     = {UbiComp 2002: Ubiquitous Computing, 4th International Conference,
               G{\"{o}}teborg, Sweden, September 29 - October 1, 2002, Proceedings},
  series    = {Lecture Notes in Computer Science},
  volume    = {2498},
  publisher = {Springer},
  year      = {2002},
  url       = {https://doi.org/10.1007/3-540-45809-3},
  doi       = {10.1007/3-540-45809-3},
  isbn      = {3-540-44267-7},
  timestamp = {Tue, 14 May 2019 10:00:52 +0200},
  biburl    = {https://dblp.org/rec/bib/conf/huc/2002},
  bibsource = {dblp computer science bibliography, https://dblp.org}
}

@proceedings{DBLP:conf/uist/2002,
  editor    = {Michel Beaudouin{-}Lafon},
  title     = {Proceedings of the 15th Annual {ACM} Symposium on User Interface Software
               and Technology, Paris, France, October 27-30, 2002},
  publisher = {{ACM}},
  year      = {2002},
  url       = {https://doi.org/10.1145/571985},
  doi       = {10.1145/571985},
  isbn      = {1-58113-488-6},
  timestamp = {Tue, 06 Nov 2018 16:58:06 +0100},
  biburl    = {https://dblp.org/rec/bib/conf/uist/2002},
  bibsource = {dblp computer science bibliography, https://dblp.org}
}

@proceedings{DBLP:conf/chi/2001a,
  editor    = {Marilyn M. Tremaine},
  title     = {{CHI} '01 Extended Abstracts on Human Factors in Computing Systems,
               {CHI} Extended Abstracts '01, Seattle, Washington, USA, March 31 -
               April 5, 2001},
  publisher = {{ACM}},
  year      = {2001},
  url       = {https://doi.org/10.1145/634067},
  doi       = {10.1145/634067},
  timestamp = {Tue, 06 Nov 2018 16:58:53 +0100},
  biburl    = {https://dblp.org/rec/bib/conf/chi/2001a},
  bibsource = {dblp computer science bibliography, https://dblp.org}
}

@proceedings{DBLP:conf/chi/2000a,
  editor    = {Marilyn Tremaine},
  title     = {{CHI} '00 Extended Abstracts on Human Factors in Computing Systems,
               {CHI} Extended Abstracts '00, The Hague, The Netherlands, April 1-6,
               2000},
  publisher = {{ACM}},
  year      = {2000},
  url       = {https://doi.org/10.1145/633292},
  doi       = {10.1145/633292},
  timestamp = {Tue, 06 Nov 2018 16:58:47 +0100},
  biburl    = {https://dblp.org/rec/bib/conf/chi/2000a},
  bibsource = {dblp computer science bibliography, https://dblp.org}
}

@proceedings{DBLP:conf/chi/2000,
  editor    = {Thea Turner and
               Gerd Szwillus},
  title     = {Proceedings of the {CHI} 2000 Conference on Human factors in computing
               systems, The Hague, The Netherlands, April 1-6, 2000},
  publisher = {{ACM}},
  year      = {2000},
  url       = {http://dl.acm.org/citation.cfm?id=332040},
  isbn      = {1-58113-216-6},
  timestamp = {Mon, 12 Dec 2011 15:03:16 +0100},
  biburl    = {https://dblp.org/rec/bib/conf/chi/2000},
  bibsource = {dblp computer science bibliography, https://dblp.org}
}

@proceedings{DBLP:conf/uist/2000,
  editor    = {Mark S. Ackerman and
               W. Keith Edwards},
  title     = {Proceedings of the 13th Annual {ACM} Symposium on User Interface Software
               and Technology, {UIST} 2000, San Diego, California, USA, November
               6-8, 2000},
  publisher = {{ACM}},
  year      = {2000},
  url       = {https://doi.org/10.1145/354401},
  doi       = {10.1145/354401},
  isbn      = {1-58113-212-3},
  timestamp = {Tue, 06 Nov 2018 16:58:06 +0100},
  biburl    = {https://dblp.org/rec/bib/conf/uist/2000},
  bibsource = {dblp computer science bibliography, https://dblp.org}
}

@proceedings{DBLP:conf/assets/1998,
  editor    = {Meera Blattner and
               Arthur I. Karshmer},
  title     = {Proceedings of the Third International {ACM} Conference on Assistive
               Technologies, {ASSETS} 1998, Marina del Rey, CA, USA, April 15-17,
               1998},
  publisher = {{ACM}},
  year      = {1998},
  url       = {https://doi.org/10.1145/274497},
  doi       = {10.1145/274497},
  isbn      = {1-58113-020-1},
  timestamp = {Tue, 06 Nov 2018 16:57:27 +0100},
  biburl    = {https://dblp.org/rec/bib/conf/assets/1998},
  bibsource = {dblp computer science bibliography, https://dblp.org}
}

@proceedings{DBLP:conf/uist/1998,
  editor    = {Elizabeth D. Mynatt and
               Robert J. K. Jacob},
  title     = {Proceedings of the 11th Annual {ACM} Symposium on User Interface Software
               and Technology, {UIST} 1998, San Francisco, CA, USA, November 1-4,
               1998},
  publisher = {{ACM}},
  year      = {1998},
  url       = {https://doi.org/10.1145/288392},
  doi       = {10.1145/288392},
  isbn      = {1-58113-034-1},
  timestamp = {Tue, 06 Nov 2018 16:58:06 +0100},
  biburl    = {https://dblp.org/rec/bib/conf/uist/1998},
  bibsource = {dblp computer science bibliography, https://dblp.org}
}

@proceedings{DBLP:conf/chi/1997,
  editor    = {Steven Pemberton},
  title     = {Human Factors in Computing Systems, {CHI} '97 Conference Proceedings,
               Atlanta, Georgia, USA, March 22-27, 1997},
  publisher = {ACM/Addison-Wesley},
  year      = {1997},
  url       = {http://dl.acm.org/citation.cfm?id=258549},
  isbn      = {0-201-32229-3},
  timestamp = {Mon, 12 Dec 2011 15:03:17 +0100},
  biburl    = {https://dblp.org/rec/bib/conf/chi/1997},
  bibsource = {dblp computer science bibliography, https://dblp.org}
}

